1792 3089
168 123 196 165 96
410 120 452 155 CAP.
464 118 500 160 111,
515 130 532 153 v.
544 117 601 155 1-7.

168 223 275 264 maximam
292 226 371 276 partem
389 235 414 262 ex
432 222 616 276 ignorantia'legis
635 223 750 276 profectae,
773 221 847 262 diutius

169 296 209 337 iam
223 295 314 338 omnium
328 309 431 338 consensu
446 300 500 338 esset
515 310 642 338 concessum.
666 296 710 338 Illic
724 290 779 338 vero
790 295 849 351 quasi

168 371 190 411 in
203 372 271 413 fronte
285 372 346 414 totius
359 371 492 424 legislationis
504 372 636 413 constitutum
645 375 675 413 est
690 371 847 423 „sanctiestote

168 459 215 487 uam
234 450 316 487 sanctus
336 459 381 487 sum
400 458 438 498 ego
457 445 507 486 deus
526 447 618 495 vester“‚·
643 446 716 486 deinde
735 448 849 499 sequnntur

167 519 224 572 leges
242 533 291 559 mox
308 519 434 559 sanctitatem
453 522 514 572 atque
532 520 641 572 puritatem
655 519 757 560 leviticam
772 518 849 559 consti-

167 595 259 641 tuentes,
273 604 323 631 mox
338 591 406 632 cordis
422 592 553 644 sanctitatem·
562 592 690 645 postulantes
706 593 776 643 talem,
798 604 848 645 qua-

167 663 208 705 lem
230 664 357 705 recentiores
375 664 429 705 haud
450 665 510 718 pauci
529 678 541 705 a
559 665 642 706 Christo
661 666 741 706 demum
760 665 782 705 iu
800 677 845 705 ora-

167 738 223 779 tione
240 738 262 778 in
280 744 350 780 nronte
363 738 431 779 habita
445 738 573 792 propositam
588 752 634 780 esse
649 740 764 794 opinantur.
794 737 847 779 Hinc

167 817 235 854 antem
249 817 334 866 apparet
347 812 406 863 ratio,
423 826 474 866 quae
489 813 596 854 intercedit
610 814 663 855 inter
672 819 778 868 utramque
792 812 848 853 illam

168 888 303 936 sanctitatenm
323 886 403 927 iuterna
418 891 449 927 est
462 886 508 927 finis
523 901 535 927 a
554 887 671 939 legislatore
688 888 774 940 petitus,
795 899 847 941 qnae

167 965 241 1011 tamen,
257 974 308 1014 quae
320 961 424 1001 hominum
437 959 475 1000 fnit
489 956 663 1014 σκληροκαρόἰα,
679 955 712 1007 εἰς
727 952 848 1014 ἀνάμνησιν

168 1026 284 1088 ἁμαρτιῶν
303 1034 362 1073 etiam
385 1036 468 1073 externe
487 1032 545 1085 quasi
567 1032 661 1084 symbolo
682 1037 743 1086 atque
761 1032 848 1085 imagine

168 1110 211 1146 erat
226 1105 325 1146 docenda.
354 1106 410 1145 Haec
428 1109 495 1146 autem
515 1105 608 1158 symbola
622 1119 665 1146 non
681 1111 738 1146 erant
753 1105 846 1157 obscura,

165 1179 239 1233 populi
261 1184 343 1232 captum
362 1178 489 1232 superantia,
512 1178 550 1218 sed
567 1179 679 1220 sanctitatis
703 1180 771 1220 cordis
791 1179 848 1231 signa

166 1253 278 1307 unicuique
296 1256 371 1306 aperta.
410 1253 465 1304 Quin
486 1253 545 1293 etiam
563 1254 616 1293 hanc
633 1253 699 1305 ipsam
719 1252 746 1293 ob
766 1265 848 1293 causam

166 1327 285 1369 sacerdotes
304 1330 362 1367 eraut
378 1327 475 1378 instituti,
494 1331 517 1367 ut
535 1327 645 1368 discrimen
663 1326 726 1378 illud,
746 1328 803 1381 quod
817 1327 848 1367 in-

166 1401 253 1442 tercedit
271 1401 325 1441 iuter
344 1405 437 1441 sanctum
455 1404 475 1441 et
488 1402 608 1454 profanum,
628 1413 672 1440 nou
686 1400 749 1441 modo
764 1405 848 1441 externe

166 1475 286 1525 traderent„
301 1474 338 1514 sed
358 1474 417 1514 etiam
436 1486 477 1528 quo
496 1475 627 1514 fundamento
642 1459 752 1527 niteretur,
768 1486 849 1526 semper

167 1548 235 1589 denuo
254 1547 390 1598 inculcarent,
414 1552 475 1601 atque
494 1548 619 1600 explicarent
636 1547 713 1600 legem,
736 1561 775 1601 qua
798 1547 847 1587 deus

165 1622 210 1675 ipse
225 1634 286 1676 quam
300 1620 388 1673 benigne
398 1620 491 1661 homines
505 1621 531 1661 ad
543 1621 670 1662 sanctitatem
683 1621 847 1662 suamadduetu-

166 1707 201 1736 rus
222 1698 252 1735 est
270 1698 362 1735 testatur.
401 1695 459 1745 Quae
477 1708 540 1748 quum
561 1695 588 1736 ita
608 1694 658 1746 siut,
680 1694 785 1748 posterior
802 1707 847 1735 mu-

166 1768 221 1808 neris
240 1780 289 1819 pars
307 1767 445 1821 proficiscitur
461 1781 486 1808 ex
500 1769 580 1821 priore,
601 1773 621 1809 et
641 1782 700 1823 quam
715 1768 846 1809 concedimus

166 1840 208 1893 legi
222 1840 323 1882 rationem
336 1845 441 1882 externam
455 1846 516 1897 atque
530 1842 638 1890 internam)
654 1856 714 1897 quam
729 1842 799 1882 dicunt
813 1854 847 1882 cen

166 1914 299 1956 remonialem
313 1920 375 1969 atque
393 1916 502 1968 moralem,
521 1917 606 1957 eandem
620 1916 721 1958 sanctitati
735 1915 847 1956 tribuamus

165 2001 251 2029 necesse
272 1992 302 2029 est
317 1989 363 2042 lege
381 1993 477 2044 tanquam
491 1994 541 2043 typo
557 2003 673 2043 expressae.
703 1991 781 2031 Verum
796 1989 848 2031 sicut

165 2061 222 2102 nulla
235 2061 270 2101 lex
285 2063 426 2105 ceremonialis
445 2065 558 2118 separanda
578 2068 609 2105 est
623 2078 635 2105 a
649 2064 722 2106 morali
740 2078 801 2119 quam
816 2067 847 2104 est
893 2073 894 2080 ³

165 2135 307 2189 prepositura,
331 2137 360 2178 sic
383 2138 479 2179 sanctitas
501 2143 562 2193 atque
583 2139 661 2191 puritas
680 2138 761 2179 levitica
779 2137 848 2179 seiun-

165 2211 232 2263 genda
250 2223 293 2251 non
313 2214 344 2251 est
358 2225 370 2251 a
384 2212 489 2253 sanctitate
508 2216 569 2267 atque
582 2212 670 2265 puritate
686 2212 766 2263 cordis,
787 2224 848 2266 quam

165 2284 201 2324 illa
216 2288 246 2326 est
261 2285 348 2326 doctura
362 2289 421 2340 atque
436 2287 555 2329 adductura.
580 2286 664 2339 Duplex
678 2286 739 2341 igitur
750 2285 847 2327 sacerdo-

165 2362 209 2398 tum
229 2358 319 2399 officium
338 2359 418 2401 interno
437 2361 568 2414 coniungitur
587 2360 677 2402 vinculo.
710 2361 789 2400 Verum
808 2358 848 2412 ipsi

166 2428 212 2482 nup
228 2426 284 2474 t't‘tn.
315 2431 411 2473 Sanctum
428 2439 495 2476 autem
513 2448 556 2476 non
575 2433 642 2475 solum
662 2438 692 2475 est
711 2432 848 2474 sanctuarium

166 2505 273 2557 (allow),
290 2506 327 2546 sed
342 2519 412 2549 omnes
427 2508 510 2549 omnino
526 2522 559 2550 res
575 2521 645 2549 sacrae
661 2511 681 2548 et
695 2492 780 2561 propter
794 2507 847 2548 Eae·
892 2520 894 2524 ·

167 2578 237 2620 chielis
251 2579 322 2632 XXll,
339 2582 366 2620 26
381 2583 513 2637 epexegesin,
531 2586 551 2623 et
565 2586 650 2635 propter
664 2582 769 2623 notionem
784 2581 849 2623 sancti

167 2665 229 2707 supra
248 2654 374 2708 explicatam.
408 2655 550 2699 Sanctuarium
569 2655 650 2710 saepius
669 2670 721 2699 voce
739 2653 800 2708 mapa
820 2656 847 2696 si-
