1792 3089
375 135 418 171 cir.
430 135 463 177 ΠΙ,
475 148 490 169 v.
504 133 531 170 lb.
626 154 629 157 ·
752 138 794 191 119,

112 243 204 281 veterum
220 238 317 292 permulti
332 238 408 280 diaboli
422 239 523 289 iudicium
533 238 564 292 his
579 236 647 279 verbis
660 238 794 293 iudicaripu-

114 317 189 364 terunt,
204 313 225 353 id
240 312 284 356 reri
299 311 430 365 explicationi
444 312 475 353 illi
488 312 548 363 inest,
566 311 623 366 quod
636 312 657 352 in
671 312 743 354 ultimo
757 325 793 354 va-

114 386 178 427 ticinii
194 390 268 427 eventu
283 386 300 427 si
316 399 387 426 ornnes
401 386 449 427 victi
458 390 518 427 erunt
525 386 602 437 hostes,
616 384 633 425 is
642 398 794 439 quoquequem

116 460 206 500 omnium
225 458 314 500 hostium
333 464 437 500 auctorem
456 463 516 513 atque
531 458 662 511 complexum
676 449 746 500 statuit
760 472 794 499 ec-

115 532 184 584 clesia,
199 545 242 573 uou
257 532 342 586 amplius
355 533 393 573 erit
403 533 511 574 timendus.
523 556 549 564 -
564 533 649 572 Hostem
658 533 795 586 hunc„qucm

114 607 220 659 Hitaz'gius
234 610 313 647 certum
328 605 426 659 explicat,
446 605 524 647 scilicet
539 605 634 658 ScythaS,
654 610 738 659 apparet
752 619 795 647 nou

115 679 178 720 modo
193 692 236 720 nou
251 679 359 719 abeuntem
376 679 470 731 conspici
484 678 521 719 sed
535 691 560 718 eo
576 691 618 731 quc
631 681 688 720 vates
702 678 795 733 loquitur

115 756 207 804 tempore
221 765 248 791 ne
262 752 335 792 adesse
348 751 439 804 quidem,
455 751 551 804 quoniam
564 751 663 804 temporis
677 751 741 801 futuri
755 752 796 792 fata

116 824 178 865 oculo
196 825 318 877 prophetico
336 823 454 877 praecipiat.
473 847 499 856 -
528 824 743 882 Remotishostibus,
761 824 797 878 qui

117 912 162 939 cum
177 898 257 939 iudiciis
272 897 343 939 intimo
358 910 413 938 nexu
428 897 548 945 cohaerent,
571 910 634 950 quum
648 896 716 937 uocati
730 910 742 937 a
756 897 796 945 deo

115 972 216 1024 populum
231 972 274 1012 eius
289 984 357 1025 poena
371 971 485 1023 affecerint,
501 971 561 1011 deum
575 971 657 1012 Israelis
673 970 742 1011 sedem
757 969 797 1010 sibi

115 1045 219 1098 propriam
240 1049 359 1097 occupatam
378 1048 449 1085 tenere
468 1048 557 1097 apparet.
576 1065 605 1073 —
635 1054 685 1087 nin*
703 1056 746 1093 mur
765 1047 797 1083 est

115 1118 260 1170 praedicatum,
275 1118 313 1158 sed
320 1117 422 1171 appositio
429 1117 483 1170 regis
492 1118 640 1167 autecedeutis;
655 1117 734 1157 Jehova
742 1117 796 1156 enim

116 1191 167 1231 nihil
185 1196 216 1232 est
235 1204 295 1244 quam
312 1203 350 1230 rex
363 1189 455 1241 Israelis,
475 1203 535 1243 quem
553 1190 613 1231 etiam
631 1203 710 1231 summa
722 1189 796 1243 populi

116 1267 201 1316 peccata
218 1277 282 1317 regno
301 1276 340 1304 suo
358 1276 402 1303 non
419 1262 510 1315 privaut;
530 1266 550 1303 at
568 1263 604 1304 ubi
622 1264 682 1304 sedes
702 1263 721 1303 ei
736 1255 798 1316 digua

116 1349 160 1377 nou
179 1342 210 1377 est
226 1340 305 1389 parata,
326 1336 399 1388 recipit
417 1335 493 1387 gratiae
508 1348 557 1375 suae
572 1336 627 1376 dona
640 1340 702 1389 atque
715 1336 797 1376 videtur

117 1409 162 1462 ipse
177 1409 259 1457 abesse,
281 1413 301 1448 et
314 1408 351 1447 ubi
365 1408 416 1449 deus
430 1421 474 1448 uon
489 1415 528 1458 est,
547 1408 576 1447 ibi
590 1412 638 1448 suut
651 1410 722 1450 hostes
736 1413 798 1463 atque

119 1481 249 1522 calamitates.
277 1481 322 1521 Jam
336 1494 386 1532 vero
400 1481 461 1522 rediit
476 1481 537 1532 deus,
552 1481 663 1521 habitatin
677 1481 745 1521 medio
759 1493 799 1534 po-

119 1554 169 1607 pulo
185 1568 223 1595 suo
239 1567 316 1607 suaque
329 1554 405 1594 virtute
416 1568 462 1594 eum
470 1559 581 1607 protegens
590 1554 731 1606 experimento
740 1567 800 1594 mon-

120 1632 170 1667 strat
184 1640 206 1667 sc
218 1639 264 1667 esse
277 1626 362 1667 civitatis
370 1627 491 1679 praesidem.
516 1628 585 1677 Quare
593 1626 697 1673 israelitae
704 1613 748 1668 nou
756 1641 800 1668 am-

120 1699 174 1752 plius
183 1698 352 1749 nnunvidebunb
368 1699 401 1740 vel
412 1699 543 1751 experientur
555 1699 630 1739 cfider.
638 1700 664 1751 V,
674 1701 701 1741 12
715 1700 798 1755 malurn.
868 1746 877 1757 »-

119 1774 203 1813 Hieram
221 1772 289 1813 Chala.
304 1772 379 1827 aliique
393 1772 464 1824 legunt
478 1783 535 1813 *nuri
552 1786 595 1813 uon
609 1772 689 1814 timebis
704 1774 799 1826 amplius,

121 1846 178 1899 quod
191 1849 258 1885 tamen
274 1845 423 1898 exemplaribus
434 1859 477 1886 uon
489 1845 641 1898 comprobatur.
664 1846 751 1895 Videtur
762 1860 800 1887 au-

120 1922 161 1958 tem
179 1917 253 1958 allusio
273 1931 318 1958 esse
336 1919 362 1958 ad
378 1931 451 1958 vocem
465 1919 517 1958 hano
535 1918 556 1958 in
570 1932 633 1960 versu
647 1925 746 1973 sequente
761 1919 800 1969 ob-

41 2010 45 2046 3
120 1992 173 2032 viam
192 1991 241 2031 satis
261 1991 377 2043 commoda,
397 2005 443 2032 cum
462 1991 483 2031 in
498 1991 531 2031 dei
545 1992 620 2033 virtute
638 2007 700 2035 causa
714 1994 753 2035 sita
767 1993 800 2045 sit,

121 2077 158 2105 cur
173 2063 225 2104 Zion
239 2076 282 2103 nou
297 2063 366 2104 timeat
380 2064 473 2117 amplius.
497 2064 527 2103 lta
541 2078 615 2107 versus
629 2074 701 2114 noster
714 2067 801 2120 primam

121 2136 189 2190 gaudii
204 2150 285 2194 causam
299 2138 392 2190 afferens,
408 2137 441 2177 dei
455 2136 547 2177 facinora
562 2139 659 2190 continet,
674 2140 749 2194 quibus
761 2154 801 2181 no-

121 2224 160 2252 vus
179 2210 249 2250 Ziouis
270 2210 350 2251 habitus
370 2214 453 2264 paratus
472 2214 512 2261 est,
535 2224 624 2264 quorum
643 2212 800 2266 descriptionem

120 2283 246 2337 praeclaram
261 2288 327 2323 cantat
341 2284 374 2324 Ps.
389 2284 464 2324 XLVI.

162 2357 224 2398 v.16.
244 2357 284 2396 Die
297 2356 333 2396 illo
348 2356 427 2397 dicetur
438 2344 593 2409 Hierosolymis:
607 2371 633 2397 ne
647 2358 730 2405 timeas!
748 2360 802 2400 Zion

121 2444 147 2470 ne
161 2432 254 2470 remissae
268 2431 310 2469 aiat
323 2443 396 2470 macras
412 2432 472 2470 tuac!
490 2429 531 2469 Dei
539 2430 631 2472 facinora
646 2432 753 2484 splendida
763 2434 802 2485 po'-

123 2502 167 2556 puli
181 2507 255 2543 statum
270 2503 406 2555 adduxerunt,
421 2504 457 2557 qui
470 2503 522 2553 adeo
538 2509 570 2544 est
580 2504 635 2556 felix,
650 2510 727 2553 utnon
739 2505 802 2545 modo

122 2577 166 2630 ipse
184 2576 250 2617 laetus
275 2590 300 2617 eo
318 2578 408 2629 fruatur,
432 2577 469 2618 sed
488 2576 583 2618 omuibus
603 2591 685 2632 quoque
706 2582 804 2631 appareat

123 2648 251 2701 inridendus,
267 2654 328 2705 atque
343 2664 369 2691 ex
383 2650 455 2704 populi
468 2650 565 2692 cordibus
581 2652 647 2701 omnis
661 2655 727 2692 metus
741 2651 803 2699 tolla-
