1792 3089
330 141 332 145 '
341 148 487 183 Pnornconrim.
701 163 760 193 xxvii

8 269 11 299 ,³
25 244 41 253 η’
80 265 130 293 nere
144 254 216 293 merito
225 257 359 294 numeratum.
381 252 491 305 Zephaniae,
507 253 540 293 die
548 252 638 293 Jehovae
647 253 686 293 iam
694 266 761 306 prope

81 326 280 366 imminente'totum
300 339 369 366 rerum
389 326 522 366 humanarum
542 325 637 366 ordinem
654 325 760 378 prospicit,

26 416 29 448 3
81 399 176 440 iustitiam
191 399 224 438 dei
238 400 292 440 haud
307 399 420 440 evitandam
435 403 495 452 atque
510 399 594 452 gratiam
602 399 623 438 in
632 411 696 451 regno
706 399 761 439 Mes-

18 449 29 497 i
81 471 122 512 siae
144 472 279 522 abundantem
300 473 382 532 egregio
401 473 492 524 depingit
510 472 635 525 spectaculo.
668 472 764 513 Ezechiel

11 543 12 547 ’
53 576 55 578 »
81 544 176 585 exulibus
189 545 219 584 ad
236 545 305 586 littora
321 545 428 585 Chaborae
446 546 520 599 quibus
538 545 614 598 gratiae
633 544 691 585 dona
701 557 762 597 prae-

81 617 146 657 sentia
160 618 216 657 nulla
229 618 326 658 solatium
340 619 436 667 afferens,
454 618 540 658 maxima
554 618 663 671 imaginum
677 617 762 659 audacia

21 689 23 705 ⁵
81 690 102 729 in
117 691 207 731 futurum
217 690 293 731 Christi
307 703 393 743 regnum
407 704 525 745 novumque
540 691 638 744 templum
652 704 688 733 eos
699 691 761 742 ducit,

81 762 117 803 ubi
130 763 198 803 bonus
214 768 245 804 est
259 764 326 816 gregis
341 770 418 816 pastor,
433 775 495 804 verns
503 764 575 816 templi
584 765 687 805 sacerdos.
709 765 761 815 Qui-

80 836 120 876 bus
134 836 214 876 vatibus
230 837 324 876 omnibus
339 836 437 890 aequalis,
453 837 544 877 omnium
557 837 602 878 vice
613 838 707 889 fungens,
722 836 761 878 Je-

20 911 27 943 ἑ
80 910 155 949 reon'ns
165 909 290 950 vaticinatur
304 922 392 962 poenam
405 909 484 961 populo
499 912 615 960 minantem,
629 911 686 950 videt
699 910 767 950 Chal--

18 967 27 1018 ⁵‘s
82 981 145 1021 daeos
159 982 305 1034 irrumpentes,
322 982 397 1022 insidet
411 981 504 1022 lacrimas
519 982 647 1034 profundens
661 984 761 1024 Hieroso-

18 1097 26 1112 ἡ
80 1055 183 1106 lymornm
198 1055 273 1104 ruinis,
293 1058 418 1095 sustentatur
433 1054 584 1103 consolatione,
600 1068 660 1108 quam
675 1068 760 1107 regnum

82 1127 176 1168 hlessiae‘
188 1128 207 1168 ei
225 1127 319 1180 praebet,
337 1127 373 1167 ubi
390 1140 458 1180 neque
475 1127 571 1167 lacrimae
589 1127 676 1180 amplius
693 1141 762 1181 neque

82 1200 153 1240 threni.
217 1202 220 1206 ’

22 1324 23 1327 ¹
125 1274 185 1324 Quae
197 1272 285 1314 hlessiae
300 1276 355 1313 aetas
370 1285 431 1326 quum
446 1272 525 1325 populo
540 1272 562 1313 in
576 1273 661 1325 patriam
675 1273 761 1314 reducto

18 1354 23 1401 t
82 1359 125 1387 non
139 1348 207 1388 futura
222 1346 258 1387 sed
264 1359 363 1400 praesens
372 1346 502 1399 cogitaretur,
518 1346 612 1387 condicio
621 1352 687 1387 autem
695 1347 761 1388 lsrae-

81 1419 122 1461 litis
137 1420 238 1473 impertita
255 1432 298 1460 non
314 1420 434 1460 conveniret
448 1424 585 1472 exspectatae,
600 1420 714 1475 Huggaens
727 1434 761 1461 re-

18 1485 23 1531 ἦ
82 1493 155 1534 missas
170 1506 242 1534 eorum
257 1493 292 1547 qui
306 1493 404 1546 ternplum
418 1493 539 1545 reparabant
550 1506 620 1533 manus
631 1482 698 1546 erigit,
711 1478 763 1546 pro-¹

82 1565 178 1606 nuntians
196 1567 256 1607 huius
275 1566 346 1619 templi
363 1566 450 1618 gloriam
467 1567 574 1617 pristinam
588 1566 650 1618 longe
665 1580 711 1607 esse
727 1581 762 1607 su-

82 1642 204 1690 peraturam.
226 1639 327 1679 Sacharae
333 1639 422 1679 hlessiae
437 1639 458 1678 in
472 1651 548 1679 novum
563 1640 602 1678 hoc
614 1640 712 1691 templum
726 1640 762 1690 ad-

82 1715 165 1752 ventum
180 1715 220 1752 tam
234 1717 329 1752 accurate
343 1710 453 1764 prospicit,
472 1717 495 1752 nt
509 1712 651 1752 vaticiniorum
666 1711 710 1753 eius
725 1713 762 1753 im-

83 1784 185 1837 pletorum
199 1785 285 1837 vestigia
299 1785 320 1824 in
336 1784 379 1824 dies
393 1783 453 1836 plura
467 1783 590 1824 admiremur
598 1784 704 1838 longoque
716 1798 763 1826 eum

14 1832 18 1850 a,

1 1846 19 1882 Ὗ
61 1890 66 1894 ,,
77 1857 158 1913 silentii
176 1861 269 1909 tempore
287 1856 380 1909 flagranti
401 1856 558 1908 exspectationis
578 1851 680 1897 desiderio
701 1859 762 1898 suffe·
795 1855 811 1901 ,’
851 1858 853 1861 ’

82 1930 136 1992 cisse
154 1930 214 1970 facile
232 1929 373 1981 intelligamus.
407 1931 526 1970 Postremus
544 1929 632 1983 denique
647 1930 763 1970 annuatim

79 2007 209 2059 postremum
219 2002 316 2042 Israelitis
331 2001 373 2041 edit
386 2001 509 2051 vaticinium,
525 2003 581 2055 quod
595 2015 683 2054 poenam
696 2003 762 2055 impiis

29 2121 31 2124 ,
78 2074 219 2118 inevitabilem
233 2073 350 2126 promulgat
365 2070 561 2128 simulquelllessiae
575 2088 712 2127 praecursore
726 2086 788 2115 ana'
829 2095 831 2097 ·
861 2089 864 2093 ·

83 2147 179 2188 nunciato
196 2151 278 2200 portam
295 2146 370 2199 aperit,
390 2160 430 2200 qua
444 2160 507 2199 parva
522 2148 635 2187 electorum
649 2160 721 2187 manus
737 2161 762 2187 ex

72 2221 151 2273 legum
165 2220 252 2260 vinculis
267 2220 288 2259 in
302 2218 388 2259 liberam
403 2220 479 2260 Christi
494 2220 601 2259 ecclesiam
616 2225 713 2272 erumpat.

125 2293 152 2333 Et
159 2292 192 2333 hic
204 2293 285 2346 quidem
297 2294 443 2344 prophetarum
453 2296 576 2344 conspectus
585 2291 701 2344 Zephaniae
711 2291 762 2332 alio-

10 2387 12 2392 »
84 2380 129 2406 rum
143 2370 211 2406 uatum
226 2365 452 2406 limationemenmini
466 2364 553 2405 dandam
567 2378 610 2404 non
620 2378 666 2405 esse
678 2365 763 2406 demon-

82 2443 138 2481 strat.
162 2440 225 2480 lmmo
240 2448 290 2480 vero
306 2440 421 2493 Zephaniae
435 2439 540 2489 autoritas,
556 2438 614 2479 cuius
629 2442 684 2478 aetas
699 2452 711 2478 a
725 2446 762 2479 ne·-

82 2515 135 2553 mine
151 2515 193 2554 fere
213 2518 244 2554 est
258 2513 279 2554 in
294 2514 378 2555 dubium
392 2517 475 2565 vocata,
495 2517 588 2553 veterum
602 2512 722 2553 sententiam
737 2512 763 2551 de

82 2587 107 2628 iis
121 2587 179 2627 libris
194 2587 264 2628 testari
278 2587 365 2638 videtur,
380 2600 433 2641 quos
442 2585 569 2633 recentiores
578 2586 611 2626 alii
619 2585 708 2640 tempori
717 2585 763 2626 vin-

130 2661 183 2701 ndos
193 2674 239 2701 esse
247 2660 371 2708 existimant3
387 2660 461 2701 etenim
469 2664 492 2701 ut
500 2660 591 2701 omittam
598 2659 685 2709 Joelem,
700 2657 764 2699 hmo-
