1792 3089
105 182 147 223 120
339 180 382 216 Car.
394 180 429 222 ΠΙ,
445 195 460 213 v.
473 179 553 216 lt-'lh

106 294 146 331 tur.
162 312 189 321 -
204 299 255 329 nam
267 288 321 333 Colo.
338 290 415 342 „verba
428 291 478 331 haec
493 304 536 331 uon
550 291 617 331 minus
632 289 788 330 111111οά1111-

107 362 168 416 primi
185 367 274 416 possunt
293 364 318 404 de
337 365 441 404 communi
458 364 550 405 onmium
568 366 620 404 farno
637 363 671 404 vel
689 361 788 402 acclama-

107 435 174 487 tione,
195 448 255 489 qumn
270 436 295 476 de
309 437 429 490 prophetica
444 438 546 489 doctrina,
565 442 588 478 ut
602 439 642 478 hoc
657 436 724 476 dicere
739 433 789 474 nihil

108 508 164 549 aliud
179 509 205 550 sit
220 522 279 562 quam
296 510 409 550 comnmnis
424 510 515 551 onmium
529 509 647 563 gratulatio,
668 522 728 562 quam
745 520 790 547 cer-

109 582 164 623 tatim
181 595 252 623 omnes
267 583 372 624 afferent.“
395 584 479 624 Pondus
494 582 604 623 verborum
619 582 684 622 multo
699 585 730 621 est
744 594 790 633 gra-

109 655 161 706 vius,
177 655 195 696 si
208 659 265 696 vates
279 670 322 697 non
337 656 405 697 solum
418 653 545 707 vaticinatur,
561 657 598 697 sed
613 655 672 696 etiam
682 654 789 695 vaticinio-

109 742 155 768 rum
174 732 269 769 eventum
286 730 372 777 indicat;
392 729 510 771 acclamatio
529 730 582 769 eninr
599 728 635 769 illa
653 728 746 782 sequitur
764 740 789 767 ex

109 801 178 854 agnito
199 800 231 842 dei
250 801 303 842 inter
317 801 420 843 Israelitas
438 802 552 853 domicilio,
573 802 698 855 eandemque
716 814 789 843 sensus

110 874 214 926 emphasin
232 875 334 927 continet,
357 888 418 929 quam
436 889 499 929 supra
517 876 597 916 notioni
616 874 704 915 nominis
722 874 791 914 inesse

109 946 202 987 vidimus.
212 970 239 978 -
254 943 351 991 nehmrmh
366 948 394 987 ita
409 948 497 1000 explicat
506 948 607 998 artatam,
622 951 645 987 nt
658 961 735 987 novum
750 947 790 986 iam

110 1033 187 1060 nomen
202 1019 295 1070 habeant,
310 1020 363 1060 sicut
377 1020 419 1060 Jes.
428 1021 492 1072 LXII,
503 1021 567 1060 2-4
581 1024 616 1072 „et
629 1020 728 1061 videbunt
741 1032 791 1072 gen-

110 1097 141 1133 tes
156 1092 251 1133 iustitiam
267 1096 322 1132 tuam
341 1096 361 1132 et
375 1105 446 1133 omnes
461 1106 521 1146 reges
536 1092 622 1146 gloriam
636 1096 701 1143 tuam,
722 1096 742 1132 et
755 1104 792 1132 vo-

111 1165 189 1205 cabitur
204 1165 241 1204 tibi
258 1178 334 1205 nomeu
347 1178 434 1217 novum,
454 1167 510 1220 quod
526 1178 549 1206 os
564 1166 654 1206 Jehovae
670 1164 798 1205 enrmciabit..
839 1217 842 1219 -

110 1238 160 1278 Non
174 1238 253 1278 dicetur
267 1238 305 1278 tibi
319 1237 416 1291 amplius:
435 1239 517 1291 relicta,
537 1252 605 1293 neque
619 1243 685 1279 terrae
700 1242 747 1278 tuae
762 1237 792 1277 di·
841 1258 843 1261 ·

111 1315 169 1352 cetur
180 1311 275 1364 amplius:
291 1315 374 1362 vastata,
389 1326 435 1352 nam
448 1317 470 1353 tu
478 1312 627 1353 nominaberis:
643 1311 728 1352 deliciae
736 1324 792 1351 meae

111 1386 132 1425 in
152 1398 185 1435 ea,
206 1390 226 1425 et
240 1389 294 1424 terra
309 1388 344 1425 tua
358 1386 470 1427 maritata.“
501 1385 540 1427 Cui
559 1372 690 1438 explicationi
708 1384 751 1434 vel,
771 1384 793 1424 id

112 1459 169 1512 quod
185 1458 290 1510 filiargius
309 1457 388 1508 obiicit,
408 1471 497 1510 persona
515 1458 603 1499 nominis
623 1458 714 1498 secunda
730 1471 793 1510 repu-

112 1536 170 1584 gnat,
191 1530 264 1570 deinde
283 1544 333 1571 vero
352 1544 428 1571 nomen
442 1545 519 1572 novum
533 1531 648 1571 accuratius
663 1530 793 1585 iudicandum

113 1608 166 1654 erat,
186 1603 240 1643 sicut
253 1603 333 1643 Jesaiae
352 1604 427 1656 probat
446 1604 568 1657 exemplum.
597 1604 634 1644 Est
648 1603 710 1656 igitur
728 1604 795 1644 acela-

112 1676 174 1717 matio
194 1676 220 1716 ad
237 1689 312 1717 novam
329 1676 421 1717 Zionem,
454 1677 523 1717 Nihilo
542 1681 610 1717 tamen
630 1676 697 1717 secius
715 1676 795 1717 Jesaiae

111 1749 174 1790 verba
188 1754 283 1802 putamus
297 1750 383 1802 respici;
399 1750 470 1790 eadem
478 1754 509 1790 est
518 1750 571 1790 enim
579 1754 621 1790 tam
632 1750 711 1790 nomini
720 1750 794 1802 dando,

113 1836 173 1877 quam
188 1822 329 1863 acclamationi
343 1823 512 1877 pronunciandae
527 1836 595 1874 causa,
610 1823 727 1864 felicitatem
735 1837 796 1877 prae-

113 1900 191 1937 sentem
209 1896 315 1937 confitens.
336 1920 363 1927 -
392 1904 434 1947 tr!
453 1900 484 1937 est
498 1895 615 1946 vocativus,
635 1897 668 1936 cui
682 1893 694 1937 h
708 1910 750 1937 non
766 1901 797 1938 est

113 1969 288 2016 subaudiendum
304 1969 410 2009 continuat
425 1969 478 2008 enim
492 1974 549 2011 vates
564 1959 624 2023 quam
633 1969 797 2022 proposuitper-

113 2055 185 2083 sonam
206 2041 322 2083 secundam.
342 2063 368 2069 —
398 2054 441 2087 1111
460 2056 525 2095 genus
543 2056 604 2084 masc.
624 2056 670 2083 cum
688 2053 719 2094 11,
741 2043 798 2096 quod

114 2128 198 2168 semper
212 2114 293 2167 generis
302 2115 370 2155 semin.
379 2108 472 2167 legimus,
488 2115 536 2155 inde
544 2116 670 2169 intelligitur,
686 2115 742 2169 quod
751 2129 797 2156 ver-

112 2190 160 2230 bum
180 2188 286 2242 praecedit
306 2195 326 2229 et
345 2188 431 2229 subiecti
449 2188 469 2228 in
484 2188 603 2230 universum
618 2190 700 2229 demum
714 2189 797 2241 cogitati

114 2267 170 2303 certa
193 2261 286 2302 definitio
310 2262 361 2311 vatis
384 2261 451 2301 animo
473 2262 564 2302 nondunr
587 2262 741 2303 obversabatur.
772 2263 797 2302 cf.

113 2335 197 2376 Ewcldt'
210 2348 294 2388 gramm.
308 2335 354 2385 maj.
373 2348 419 2387 pagi
434 2335 482 2375 639.
499 2358 525 2366 -
555 2345 596 2384 aava
614 2336 693 2376 Jesaias
707 2336 769 2386 XIII,
784 2337 797 2376 7

114 2409 168 2448 diem
186 2408 277 2447 Jehovae
297 2408 422 2448 annuncians
443 2408 491 2448 dicit
510 2421 581 2449 omnes
600 2422 672 2448 manus
691 2408 799 2448 remissum

114 2481 148 2529 iri;
168 2480 208 2521 iam
224 2480 256 2520 die
271 2480 362 2521 dehovae
377 2481 488 2534 praeterito
505 2482 601 2535 omnique
616 2481 694 2521 iudicio
710 2480 798 2533 sublato,

94 2605 96 2608 ι
115 2555 218 2608 Zephauia
233 2554 293 2594 Zioni
312 2553 423 2595 acclamare
441 2559 519 2608 potest,
539 2568 565 2595 ne
583 2554 680 2594 remissae
699 2555 739 2595 sint
754 2568 797 2594 am-

114 2627 168 2681 plius
183 2641 255 2668 manus
274 2630 327 2667 tuae.
354 2629 378 2668 cf.
393 2629 413 2668 Il
423 2629 477 2669 Sem.
493 2628 532 2678 IV,
549 2629 568 2667 1.
594 2626 649 2669 Calo.
664 2628 752 2679 „lllanus
766 2641 800 2668 re-

116 2702 190 2743 missae
207 2701 318 2743 ostendunt
336 2706 390 2743 metu
405 2702 432 2744 ita
446 2701 556 2743 concidere
571 2714 652 2742 onmem
666 2701 764 2754 vigorem,
779 2704 802 2742 ut
