1792 3089
360 183 403 218 Car.
415 182 448 225 III,
461 195 477 217 v.
487 181 516 219 20.

66 293 71 310 ⁴
100 289 165 329 bovae
178 287 269 342 popu-lus
283 290 385 341 pactoque
399 291 445 338 stet,
461 286 512 328 deus
526 296 611 340 quoque
624 283 679 325 dona
685 284 779 339 praebet,

101 374 153 414 quae
167 361 230 413 gratia
244 361 288 401 eius
302 360 367 401 libera
379 360 502 413 paravit-
517 355 580 400 num:
589 366 646 407 rann
655 355 700 400 boz.
721 356 780 401 Ocn-

102 434 187 474 structio
204 434 334 487 grammatica
351 433 379 474 ob
396 433 530 487 praemissum
547 430 596 472 voci
612 438 654 480 rnre
670 430 780 473 articulum

101 506 177 547 multos
192 508 244 547 adeo
258 507 357 559 turbarit,
372 511 395 548 ut
408 506 488 548 Ludos.
503 507 528 548 de
539 505 595 546 nau
607 503 716 546 relativum
729 503 779 547 sub-

102 579 171 620 audiat
185 583 205 620 et
218 585 293 621 vertat:
309 593 397 634 quorum
411 578 522 639 ignominia
533 578 574 619 iam
587 580 619 618 est
632 577 779 626 in·totaterra;

102 665 175 692 verum
189 656 210 693 et
221 653 281 695 Iocus
294 652 451 694 Deuteronomii
467 651 588 693 relationem
605 650 631 691 ad
649 663 722 692 omnes
736 663 780 692 om-

103 725 153 765 nino
168 730 239 778 gentes
258 725 356 766 exhibens
369 726 429 767 aliam
441 724 573 767 commendat
586 723 781 777 interpretationem,

105 801 125 837 et
138 798 181 838 Jer.
190 799 289 849 XXXIII,
304 801 327 849 9,
343 798 466 852 epexegesin
480 798 581 852 quandam
592 797 693 840 afferens:
706 801 729 840 et
743 797 783 839 erit

104 869 153 910 mihi
166 871 188 910 in
202 883 277 911 nomen
291 871 396 912 hilaritatis
411 876 431 912 et
444 871 525 911 laudem
543 875 564 911 et
582 870 715 924 splendorem
728 870 784 924 apud

106 955 177 985 omncs
192 948 263 997 gentes
277 949 354 996 terrae,
371 957 424 999 quae
441 944 524 984 audient
541 956 603 984 omne
620 943 709 994 bonum,
727 943 785 998 quod

105 1015 177 1056 faciam
195 1030 242 1057 cum
255 1017 290 1068 iis,
309 1022 329 1058 et
343 1017 474 1070 trepidabunt
491 1022 511 1058 et
525 1016 685 1057 contremiscent
698 1020 785 1070 propter

107 1101 168 1130 omne
185 1090 263 1132 bonum
281 1094 302 1130 et
315 1098 401 1143 propter
415 1103 497 1131 omnem
507 1103 590 1143 pacem,
606 1089 783 1144 ausonensis.

107 1162 243 1203 Praelerenda
257 1166 288 1203 est
302 1162 364 1215 igitur
378 1176 402 1204 ea
417 1163 536 1216 explicatio,
554 1176 607 1217 quae
621 1162 669 1204 facit
681 1151 785 1206 israelites

107 1234 189 1276 laudem
207 1235 265 1277 reddi
283 1235 375 1277 inomni
392 1240 447 1277 terra
462 1236 586 1289 ignominiae
599 1235 699 1288 ipsorum.
725 1235 786 1278 Gon-

108 1308 194 1350 structIo
209 1309 263 1350 enim
276 1308 311 1350 illa
322 1309 352 1350 ita
365 1308 491 1363 intelligitur,
505 1313 529 1350 ut
543 1312 638 1350 exterra
651 1308 734 1351 definita
747 1323 786 1352 no-

109 1394 154 1422 cem
167 1390 209 1432 nna
224 1381 373 1433 subaudiamus,
388 1381 409 1423 in
424 1381 480 1423 omni
490 1385 555 1433 terra,
566 1381 649 1424 scilicet
660 1382 786 1437 :terraigno-
811 1429 813 1432 ,

108 1455 183 1496 miniae
203 1455 307 1509 ipsorum,
330 1455 387 1509 quod
408 1455 462 1496 idem
480 1467 546 1508 supra
563 1454 745 1498 animadvertimus
763 1456 788 1497 iu

29 1520 31 1522 ¹
84 1526 86 1543 ³
111 1537 180 1572 uinus
195 1538 243 1573 nini
260 1528 371 1582 multisque
388 1527 463 1581 probat
478 1527 580 1580 exempliS
593 1527 691 1569 Ematdus
703 1541 788 1581 gramm.

74 1587 76 1597 ’
145 1601 157 1641 “.
175 1613 221 1654 pag.
233 1602 284 1642 581.
316 1601 430 1653 Ignominia
448 1600 510 1653 igitur
527 1600 580 1640 adeo
600 1600 639 1640 erit
656 1600 745 1653 sublata,
762 1609 790 1644 ut

67 1662 70 1690 ᾗ
110 1685 235 1727 quocunque
252 1673 286 1713 vel
305 1673 379 1726 captivi
396 1673 490 1713 venerint
504 1672 594 1713 ludibrio
606 1672 671 1714 babiti
687 1674 722 1716 nel
733 1674 789 1716 :fama

111 1745 228 1787 calamitatis
239 1744 382 1798 penetraverit,
397 1744 425 1785 ibi
433 1745 538 1786 israelitae
546 1744 641 1786 laudibus
649 1745 789 1789 celebrentur.
813 1779 817 1784 »

151 1832 170 1859 v.
185 1819 219 1859 20.
244 1819 341 1871 Tempore
354 1818 390 1859 illo
404 1817 506 1860 adducam
518 1830 553 1858 eos
567 1831 627 1870 eoque
638 1823 730 1873 tenpore
743 1833 790 1865 cota-

109 1890 200 1946 gregede
213 1904 257 1939 ooa-
270 1905 319 1932 taam
326 1890 413 1944 faciem
427 1904 461 1932 cos
473 1903 547 1932 nonme
556 1895 581 1931 et
589 1890 676 1933 ..taudem
688 1893 712 1933 etz
721 1894 791 1935 omme

112 1963 148 2005 bear
157 1964 240 2018 populis
253 1968 327 2013 terrae,
341 1963 422 2017 quaudo
436 1962 504 2005 redibo
517 1963 546 2004 ed
556 1964 694 2017 captivitatem
699 1970 792 2007 'vatnam

112 2051 181 2080 eoram
198 2037 260 2078 ocules
277 2037 358 2087 vestre,
377 2036 428 2078 dicit
443 2035 528 2079 aenea.
558 2038 617 2089 Quae
632 2037 718 2092 :quidem
734 2038 792 2080 salus

113 2115 168 2153 tanta
182 2114 222 2161 est,
237 2114 263 2151 ut
277 2114 332 2151 vates
345 2109 416 2150 verbis
431 2109 474 2151 suis
486 2110 550 2150 tinem
562 2109 671 2164 imponere
685 2123 729 2152 non
739 2124 804 2165 apos·

114 2185 146 2236 sit,
157 2184 201 2225 nisi
212 2182 287 2224 iisdem
301 2182 399 2236 repetitis,
414 2182 542 2224 auditoribus
554 2182 607 2235 ipsis
616 2184 791 2237 :compellatis.,-.-

114 2267 167 2299 utun
181 2266 223 2299 nn:
238 2256 322 2310 respicit
336 2260 397 2310 atque
407 2255 485 2310 repetit
495 2268 544 2297 eam
558 2260 650 2307 aetatem,
661 2256 724 2298 'cuius
739 2257 794 2299 dona

113 2344 133 2371 v.
143 2332 170 2371 19
185 2329 398 2383 pronunciaverat-
414 2339 465 2370 aaran
479 2330 514 2369 vix
528 2328 610 2370 videtur
625 2342 677 2381 esse,
692 2330 794 2384 quoden-

136 2403 176 2444 icat
189 2402 295 2453 owenus,
310 2402 388 2452 facere,
403 2405 426 2442 nt
440 2402 513 2444 habeat
522 2402 568 2457 quis
579 2402 696 2451 introitum,
711 2403 795 2445 domum

115 2476 154 2517 sibi
168 2477 282 2529 propriam
292 2476 334 2517 sed
348 2475 370 2516 in
379 2475 502 2517 -uniVersum
516 2474 616 2517 adducam
624 2489 670 2527 vos,
685 2480 706 2517 et
712 2476 742 2517 ita
749 2475 796 2531 qui-

116 2549 170 2599 dem,
185 2553 208 2590 ut
222 2554 307 2602 propter
322 2547 502 2603 congregatorem
514 2554 635 2603 sequentem
648 2549 748 2591 terquus
758 2561 795 2590 :re-

116 2622 220 2675 spiciatur,
235 2623 261 2663 ad
266 2635 337 2677 1quem
351 2635 394 2663 nou
409 2635 437 2674 en¹
448 2635 490 2678 quo
501 2622 593 2669 -venient
612 2622 638 2664 cl.
651 2622 695 2663 des.
705 2622 764 2674 XIX,
774 2623 795 2663 2,

116 2695 195 2747 XLIII,
210 2696 230 2736 ὅ.
248 2717 274 2725 -
289 2703 332 2736 un:
346 2694 445 2742 articulus
456 2695 529 2738 Iocum
542 2695 698 2744 demonstrativi
710 2707 796 2749 praece-
