1792 3089
357 167 400 204 Can.
412 168 431 212 1,
447 180 463 203 r.
475 164 502 204 11,
749 169 778 212 27

98 275 190 331 exenrp1a
204 271 287 324 ornan,
307 280 375 323 nunu,
390 279 453 322 prinu.
483 269 650 325 PropInquitaIIs,
665 270 779 313 festinatio-

97 348 129 389 nis
145 346 280 388 certissimum
295 347 326 385 est
341 344 427 397 signum,
443 345 499 400 quod
510 346 554 397 jam
567 343 651 385 auribus
665 345 778 399 percipitur

98 421 139 462 diei
153 420 257 474 strepitus.
279 414 315 469 bip
330 418 401 460 aaran.
418 432 463 459 cum
476 419 559 460 Gesem'o
575 417 663 471 elliptice
679 417 780 459 existimat

97 494 188 535 breviter
204 492 280 533 dictum
298 503 347 544 pro:
371 505 413 534 tion
431 492 522 544 auditur,
542 493 580 533 scd
598 491 692 544 exempla
710 491 735 530 ab
755 505 780 532 eo

100 567 165 617 allata,
180 566 291 619 praecipue
305 565 347 606 des.
356 566 406 606 XIII
411 598 416 616 ,
433 567 452 618 9,
469 579 530 620 quem
544 566 607 619 Zeplr.
620 565 679 620 sequi
693 564 780 616 videtur,

98 653 141 681 uon
155 643 196 680 tam
212 638 279 693 ellipsi
294 652 354 694 quam
368 638 426 681 vivae
442 643 511 681 vatum
527 639 661 693 descriptioni
676 638 781 690 tribueris,

100 726 152 768 quae
167 713 198 753 rei
214 712 312 767 impetum
330 726 374 755 nou
388 713 459 754 sedato
476 702 557 754 dicendi
571 725 646 766 genere
661 713 698 754 sed
714 712 782 754 excla-

100 787 189 828 matione
209 787 291 841 assequi
306 788 380 829 studet.
395 809 423 816 -
444 796 487 828 uun
502 786 575 827 dicitnr
589 787 615 826 de
629 786 719 827 clamore
734 787 783 837 alto,

102 860 132 902 sic
146 860 265 912 JemXLH,
286 861 313 901 13
333 864 364 902 est
378 861 456 901 clarior
470 860 572 910 Jelrovae,
592 860 715 913 egredientis
730 861 784 901 sicut

100 934 159 974 miles
173 933 296 985 bellicosus,
315 933 422 975 victoriam
438 946 489 987 prae
503 946 526 974 se
541 934 619 984 ferens,
640 933 784 988 querulosum

101 1009 125 1049 P.
140 1008 183 1050 Em.
197 1007 226 1047 ita
242 1007 318 1060 respici
336 1011 403 1060 putat,
422 1010 445 1049 ut
462 1007 541 1048 Jelrova
556 1006 582 1048 sit
596 1016 653 1060 utun,
673 1020 735 1061 quum
750 1007 785 1048 alii

100 1081 223 1134 interpretes
241 1082 284 1122 fere
304 1094 375 1123 omues
394 1081 510 1122 existiment
527 1080 562 1122 vel
579 1081 637 1121 viros
655 1081 719 1122 fortes
734 1080 785 1121 tanti

102 1154 143 1195 diei
156 1157 236 1195 terrore
251 1154 348 1196 attonitos
364 1155 451 1196 clamare
466 1158 527 1209 atque
538 1154 654 1195 vociferari.
675 1153 703 1195 At
713 1167 784 1208 quam-

101 1228 132 1269 vis
140 1227 182 1269 des.
191 1228 282 1279 XXVII,
297 1229 315 1269 1.
331 1230 403 1281 ΧΧΧ,
419 1229 452 1270 30.
471 1229 529 1280 LIX,
541 1228 619 1270 1917,
633 1227 693 1268 Saclr.
703 1227 760 1278 XIV,
771 1228 785 1267 3

103 1305 123 1342 et
140 1300 252 1343 innumeris
271 1300 398 1353 psalmorum
414 1301 467 1342 locts
483 1302 534 1342 deus
548 1301 631 1354 piorum
644 1302 707 1342 heros
721 1314 785 1342 voca-

103 1378 136 1415 tur
155 1374 180 1415 cf.
196 1375 229 1415 Ps.
243 1374 326 1425 XXIV,
342 1375 365 1423 ὃς
384 1374 416 1414 hic
434 1378 502 1415 tamen
520 1364 601 1415 additur
620 1383 648 1412 un
668 1374 725 1428 quod
743 1374 785 1417 Jes.

103 1445 207 1498 XXXIII,
225 1448 238 1487 7
258 1460 304 1487 cnm
319 1456 362 1486 nn:
378 1448 520 1499 conjunctum,
541 1447 591 1502 quid
605 1446 684 1489 clamor
697 1448 733 1489 ille
748 1449 787 1490 sibi

103 1519 162 1571 velit,
183 1519 278 1562 ostendit.
310 1519 405 1562 Acerbus
421 1521 475 1562 enim
488 1533 532 1561 nou
547 1524 578 1561 est
592 1520 626 1561 dei
640 1519 728 1573 clamor,
751 1521 788 1562 sed

105 1606 183 1645 eornm,
199 1593 235 1648 qui
249 1593 345 1647 supplicii
356 1594 471 1636 terroribus
488 1593 585 1636 commoti
599 1593 710 1636 clamorem
725 1596 789 1636 edunt

105 1666 231 1720 desperantis
238 1667 340 1722 planeque
352 1668 467 1711 diffidentis.
475 1691 503 1698 —
513 1668 592 1709 Vocem
599 1665 635 1708 cci
643 1669 699 1710 Hira.
712 1666 787 1711 Caelia.

87 1741 175 1782 Maur.
190 1744 263 1794 putant
275 1741 382 1783 notionem
395 1741 530 1796 temporalem
548 1741 633 1793 habere,
653 1755 705 1796 quae
720 1746 788 1783 tamen

105 1856 168 1897 quum
185 1855 288 1897 nusquam
304 1842 389 1896 probari
406 1844 483 1897 possit,
505 1845 558 1886 sicut
571 1837 595 1898 (3
610 1856 693 1899 semper
707 1848 739 1887 est
752 1846 788 1887 ad-

104 1917 198 1958 verbium
208 1917 256 1958 loci.
275 1918 308 1959 Ps.
317 1918 374 1969 XIV,
390 1919 403 1958 5
416 1918 504 1959 Davides
516 1931 605 1971 poenam
615 1922 656 1959 tam
669 1922 727 1960 certo
738 1932 789 1961 cou-

106 1991 175 2043 spicit,
196 1994 219 2032 ut
236 1991 295 2045 qnasi
313 1991 380 2044 digitis
400 2003 444 2032 eam
457 1995 568 2043 monstret,
587 1992 621 2033 Ps.
633 1991 745 2044 CXXXII,
761 1994 789 2035 17

106 2064 216 2116 perspicue
232 2063 317 2104 Zionem
331 2064 421 2117 respicit,
436 2065 483 2105 Jnd.
493 2066 524 2116 V,
539 2065 566 2105 11
581 2065 678 2107 laudibus
692 2066 743 2120 ipsis
757 2067 790 2109 lo-

106 2150 143 2177 cus
158 2137 277 2188 destinatur,
291 2138 352 2190 Prov,
362 2139 419 2190 VIII,
434 2140 461 2179 27
477 2139 583 2181 inlocum
598 2139 708 2181 creationis
723 2143 791 2183 trans-

106 2210 196 2251 ferimur.
220 2211 297 2251 Omnes
310 2211 331 2251 hi
343 2211 385 2252 loci
397 2213 419 2253 in
432 2211 490 2254 libris
503 2213 590 2267 poeticis
604 2213 711 2267 leguntur,
726 2228 790 2269 quare

107 2298 158 2326 usus
172 2284 230 2327 vocis
247 2298 272 2325 ex
286 2284 357 2326 indole
372 2286 503 2328 orientalium
520 2287 599 2328 fervida
614 2291 634 2328 et
648 2300 724 2341 genere
739 2302 791 2342 pce-

106 2371 154 2400 secs
170 2358 281 2399 dramatico
296 2346 430 2413 explicandus
445 2363 476 2401 est
490 2373 529 2402 nec
542 2361 574 2402 vis
584 2374 637 2416 qnae
650 2361 669 2402 ei
679 2361 733 2403 inest
745 2376 791 2417 gra-

105 2432 189 2474 vissima
203 2432 229 2473 ad
243 2432 349 2475 arbitrium
363 2434 507 2475 imminuenda.
536 2435 628 2477 Primum
642 2436 704 2489 igitur
717 2450 790 2479 versus

105 2505 220 2549 membrum
235 2507 288 2548 diem
302 2507 393 2549 Jehovae
406 2508 455 2549 dicit
467 2509 641 2564 appropinquare,
656 2509 743 2551 alterum
755 2523 791 2551 va-

105 2582 137 2619 tes
155 2579 227 2633 incipit
245 2581 404 2635 exclamatione,
423 2596 486 2637 quum
505 2583 603 2637 strepitus
622 2583 705 2624 auribus
722 2584 791 2636 perci-

106 2652 179 2706 piatur,
195 2653 229 2707 qui
243 2655 330 2708 propius
343 2657 444 2699 accedens
459 2653 592 2710 cognoscitur
607 2657 684 2698 claiuor
697 2657 790 2698 Jelrovae

107 2727 133 2767 ad
146 2725 256 2770 vindictam
270 2729 378 2784 surgentis,
395 2744 436 2785 quo
451 2734 529 2774 tantum
543 2744 585 2774 non
593 2730 662 2773 aridito
675 2743 717 2774 non
726 2732 790 2774 ruodo
