1792 3089
139 147 169 174 111
408 131 553 166 Pnomcomnun.

122 236 248 290 ‚quominus
266 233 339 274 urbeni
358 235 448 275 funditus
467 240 578 291 everteret,
597 234 706 289 impedivit.
740 235 765 275 Et
782 236 819 274 hac

140 308 221 362 quidem
235 308 314 348 ratione
332 308 443 362 Themeres
457 307 611 360 inscriptionem
630 307 735 349 contendit
749 308 819 349 falsam

140 395 192 432 esse,
207 382 232 432 ll,
248 382 341 421 13-15
356 376 471 432 Zephaniae
483 381 598 421 inconsulte
614 382 734 434 adscriptos,
749 381 819 435 tribuit

140 455 180 495 vati
195 450 275 495 cuidam
289 453 363 505 priori,
380 455 398 502 l,
414 454 524 504 2—ll,3
540 459 560 494 et
575 456 613 506 lll,
629 455 707 494 1-2o
726 454 820 507 proxime
860 481 862 484 -

139 531 186 567 ante
204 526 261 567 urbis
281 526 418 577 eversionem,
437 528 467 577 ll,
484 529 532 566 1-
542 527 568 566 12
586 527 680 579 proxime
694 531 742 579 post
756 527 821 580 ipsam

139 605 198 653 putat
213 599 278 640 editos
294 612 346 649 esse,
361 599 485 651 Zephaniam
500 599 561 652 igitur
575 599 652 640 vixisse
667 600 756 640 Zedehia
770 612 819 652 rege

140 677 201 727 atque
218 672 312 725 proxime
329 676 378 725 post
395 672 539 725 Hierosolyma
558 673 629 712 diruta.
663 674 721 724 Quae
737 677 819 713 senten-

139 747 177 797 tia,
196 745 243 786 filiis
258 745 298 786 illis
313 745 367 798 regis
382 749 478 798 tanquam
492 745 561 798 specie
576 746 689 798 argumenti
703 759 752 796 usa,
768 745 819 785 adeo

141 824 172 860 est
186 819 303 870 artificiosa,
317 822 340 859 ut
354 819 404 858 mira
419 817 445 858 sit
459 818 545 859 facultas
559 831 593 859 res
602 818 761 871 simplicissimas
769 831 820 858 eon-

140 892 239 933 fundendi
253 896 313 945 atque
327 890 466 944 perturbandi.

449 1019 467 1074 ς.
490 1021 510 1060 a.

183 1111 229 1150 lam
243 1122 293 1150 vero
309 1123 371 1162 quum
390 1112 471 1149 constet
485 1109 600 1160 Zephaniae
615 1112 680 1160 aetas,
699 1109 770 1161 paucis
785 1108 821 1148 de-

140 1183 247 1236 pingamus
266 1186 349 1235 oportet
367 1181 491 1235 reipublicae
510 1181 547 1222 illo
565 1185 659 1234 tempore
674 1185 753 1223 statum.
782 1181 839 1222 Hic'

142 1260 209 1297 aulem
224 1259 267 1296 erat
280 1256 414 1296 tristissimus.
443 1257 489 1296 Deo
505 1255 565 1306 enim,
580 1256 616 1309 qui
628 1256 728 1309 populum
742 1255 780 1296 sibi
796 1269 821 1295 ex

141 1329 231 1383 Aegypti
249 1328 342 1369 custodia
361 1329 464 1381 eripuerat
477 1329 594 1381 gratiaeque
609 1342 657 1369 suae
673 1328 759 1369 consilia
773 1329 821 1368 satis

142 1404 252 1456 perspicue
266 1402 429 1442 manifestaverat
442 1402 464 1441 in
478 1414 503 1442 eo
519 1413 574 1453 rege,
590 1400 648 1442 ouius
661 1400 746 1453 gloriam
761 1405 821 1454 atque

142 1477 267 1516 maiestatem
282 1474 376 1514 omnibus
391 1477 457 1514 terrae
471 1474 554 1526 regibus
562 1474 691 1515 invidentiam
699 1473 821 1525 reddiderat,

143 1549 208 1602 gratia
221 1561 264 1588 uon
279 1550 310 1587 est
324 1545 400 1597 habita,
416 1548 453 1588 sed
467 1547 557 1600 populus
572 1560 613 1600 quo
628 1548 762 1600 prosperiore
776 1554 821 1588 ute-

141 1623 202 1663 batur
215 1622 310 1661 fortunae
323 1620 372 1660 flatu
387 1633 411 1660 eo
422 1620 485 1672 magis
496 1620 538 1660 suis
549 1620 665 1661 confidebat
673 1621 757 1661 viribus.
780 1622 821 1661 Re·
832 1652 842 1663 -,

141 1695 191 1736 licto
205 1698 272 1734 autem
284 1693 317 1733 dei
328 1692 385 1733 cultu
396 1693 497 1733 faciebant
508 1692 546 1734 sibi
559 1693 609 1734 deos
617 1693 657 1746 ipsi
665 1697 726 1748 atque
734 1694 822 1747 primum

141 1768 218 1810 vitulos
233 1766 351 1817 adorabant,
366 1765 387 1805 id
402 1766 556 1818 quodJehovae
571 1766 635 1807 cultui
648 1767 731 1807 nomine
740 1768 822 1821 quidem

142 1855 185 1883 non
204 1844 247 1881 erat
264 1838 389 1880 contrarium
408 1839 445 1879 sed
464 1853 508 1879 rem
525 1840 609 1880 nomine
626 1852 670 1880 non
684 1842 750 1880 teneri
764 1853 823 1880 mon-

143 1914 225 1956 strabat.
254 1912 383 1965 Sequebatur
398 1912 451 1952 enim
465 1916 549 1965 apertus
563 1912 666 1953 idolorum
682 1912 755 1964 cultus,
771 1926 823 1966 quae

143 1987 215 2029 vicinis
226 1989 304 2045 ¹sancta
321 1985 368 2025 vivo
389 1985 515 2025 exercituum
531 1987 570 2026 deo
585 1986 731 2045 praetulerunt.
759 1986 824 2030 'Erant

144 2064 211 2101 autem
228 2057 284 2098 idola
302 2057 412 2109 praecipue
426 2059 551 2099 Phoenicum
573 2063 633 2113 atque
654 2059 822 2100 Ammonitarum.

143 2132 200 2184 Bau,
216 2132 241 2172 de
256 2142 297 2184 quo
313 2130 407 2170 conseras
416 2130 498 2180 Boddca'
504 2131 574 2172 histor.
584 2132 657 2172 eccles.
666 2135 681 2183 1,
691 2134 741 2172 759.
758 2134 824 2173 Man:

145 2207 186 2247 tori
198 2204 294 2256 Religion
310 2202 346 2241 der
361 2203 472 2254 Carthager
485 2217 530 2255 pag.
546 2204 631 2244 5-35.
651 2204 758 2244 Geranthrai
772 2196 824 2246 llall.

144 2278 229 2332 Encyol.
244 2277 299 2326 Vlll,
315 2276 436 2325 3911111,
452 2277 486 2316 97.
512 2274 607 2317 Creusae
621 2276 727 2328 Symbolilr
742 2278 766 2328 ll,
782 2279 824 2317 266
873 2280 875 2282 ’

145 2366 203 2405 sequ.
224 2350 330 2391 l'l'a'aermn
344 2348 436 2389 Reallex.
452 2350 466 2399 1,
482 2349 530 2400 137,
547 2353 578 2389 est
591 2349 670 2389 idolum
685 2351 825 2402 Syrophoeni-

145 2438 193 2466 oum
212 2427 232 2464 et
247 2421 453 2473 Carthaginiensium,
474 2435 515 2475 quo
535 2421 600 2462 solem
614 2422 709 2462 videntur
728 2424 823 2464 coluisse.

144 2501 201 2540 inter
214 2495 305 2536 Judaeos
321 2493 404 2533 colendi
418 2494 461 2533 eius
475 2494 513 2533 fuit
528 2499 600 2534 auctor
614 2494 677 2546 Alias,
692 2495 789 2536 altaribus
804 2496 825 2537 111

144 2558 228 2625 templo
237 2567 310 2623 positis
325 2566 438 2608 secundum
446 2567 621 2607 Damascenorum
630 2567 733 2620 exemplar
748 2571 765 2609 ll
774 2570 824 2623 Reg.

146 2646 203 2697 XVI,
220 2641 321 2690 ‹tt-1183
343 2641 438 2681 hlauasse
453 2640 485 2679 vel
500 2639 607 2681 siumlaora
622 2641 688 2683 Baalis
703 2642 779 2695 templo
794 2644 825 2683 in-
