1792 3089
339 128 388 164 'Cnn
401 129 438 170 ΙΙΙ,
450 141 466 162 v.
479 127 506 164 18.
719 129 760 185 125

12 283 14 285 ,
81 238 120 276 tat:
140 233 273 288 aliquamdiu,
292 232 313 272 id
331 233 387 287 quod
403 237 444 274 tam
461 230 509 273 usui
523 229 606 282 linguae
620 242 681 284 quam
695 242 762 282 gram-

15 353 17 358 ‚
81 308 166 348 maticae
183 309 294 359 repugnat3
313 306 347 346 alii
361 307 389 347 ita
402 309 425 346 ut
439 308 518 358 tempus
536 301 607 360 salutis
622 302 761 355 constitutum,

14 372 28 440 Ξ
81 382 118 422 ubi
131 380 188 420 finita
202 380 228 420 sit
243 378 354 431 captivitas,
369 379 488 432 intelligant,
505 390 557 432 quae
570 376 661 417 notionis
670 376 761 418 definitio

12 474 19 510 ᾗ
81 467 137 494 nexu
155 451 301 493 sententiarum
318 453 399 494 videtur
413 465 456 492 uon
471 452 519 493 satis
535 449 659 491 confirmata.
690 451 762 491 Restat

81 527 143 581 igitur
157 524 278 578 significatio
293 525 326 566 vel
342 529 462 576 conventus,
477 525 498 565 in
510 527 599 573 mentem
607 536 707 564 revocans
716 526 761 564 ten-

81 599 157 639 torium
172 602 296 649 convent-us,
312 600 375 652 quod,
391 599 444 640 sicut
457 598 562 651 templum,
577 597 661 637 tentorii
674 596 774 650 amplifi-,

83 671 143 722 catio,
158 666 292 711 conventibus
307 672 371 712 sacris
387 684 448 711 causa
461 672 499 712 fnit
508 675 570 724 atque
579 669 650 722 gloria,
666 683 718 724 quae
730 674 761 711 ta-

82 757 129 783 men
136 742 193 782 nulla
200 742 268 782 addita
277 744 406 784 restrictione
413 743 479 784 rarius
490 743 570 795 legitur,
580 742 613 782 vel
622 743 709 796 denique
718 743 761 783 die-

83 830 129 857 rum
139 816 238 857 festorum
251 814 285 868 qui
299 829 338 867 pro
353 829 426 869 magno
441 816 497 869 quod
512 816 536 856 iis
552 819 584 855 est
596 815 617 855 in
625 815 763 856 israelitarum

82 889 163 942 piorum
171 889 212 929 vita
223 893 326 930 momento
338 890 448 942 praecipue
459 889 554 930 videntur
567 888 684 929 convenire.
698 911 724 920 —
740 896 761 939 tn
798 945 800 947 ι

83 967 117 1003 aut
131 975 194 1003 sensu
202 962 244 1002 loci
258 966 373 1003 autcausae
383 963 548 1015 interpretantur.
571 962 683 1015 Hitzr'gz'ur,
697 961 763 1003 Mau-

82 1049 117 1076 rer
131 1035 239 1076 conferunt
252 1036 272 1075 ll
280 1035 333 1076 Sam.
343 1036 397 1086 XX,
412 1036 446 1075 21.
462 1036 489 1074 22
506 1037 630 1087 vertuntque
643 1038 735 1075 remotos
750 1048 762 1076 a

84 1112 194 1159 conventu,
208 1108 299 1148 ludaeos
315 1108 393 1149 sedicet
408 1109 509 1161 captivoS,
525 1107 560 1160 qui
574 1107 594 1147 in
610 1107 672 1148 exilio
687 1109 761 1149 reteuti

82 1182 147 1222 festos
165 1181 255 1222 Jehovae
274 1181 317 1221 dies
334 1181 484 1233 Hierosolymis
502 1181 633 1234 frequentare
651 1186 760 1235 nequeant,

83 1266 136 1308 quos
154 1254 193 1293 iam
208 1254 258 1294 deus
277 1254 303 1294 sit
317 1254 448 1295 collecturus.
478 1254 521 1294 Sed
534 1253 647 1294 arctissima
661 1267 707 1294 cum
721 1265 760 1299 uu

83 1326 201 1367 coniunctio
220 1326 286 1378 ellipsi
303 1339 346 1367 non
364 1327 427 1377 favet,
446 1340 498 1380 quae
517 1340 543 1366 ex
562 1331 660 1367 contextu
674 1326 762 1367 debebat

83 1399 191 1440 dilucidius
206 1411 311 1451 apparere.
336 1401 468 1450 Quapropter
479 1399 614 1451 praeferenda
628 1404 660 1440 est
669 1413 692 1439 ea
701 1397 762 1453 quam

84 1471 190 1523 Caelatus,
204 1470 301 1512 maraldus
315 1471 411 1511 adhibent
424 1471 481 1511 notio
497 1484 570 1512 causae
582 1471 607 1512 cl.
615 1472 652 1512 Ex.
662 1473 687 1522 ll,
700 1472 728 1511 23
742 1476 762 1512 et

82 1545 165 1586 Eavatu'
177 1558 259 1597 gramm.
269 1544 316 1595 maj.
324 1558 370 1597 pag.
380 1545 427 1583 6⁰1.
450 1544 526 1585 Moestr
539 1544 601 1597 igitur
615 1549 663 1585 sunt
676 1548 763 1597 propter

84 1617 128 1657 dies
146 1618 216 1657 festos.
250 1617 308 1666 Quae
326 1616 425 1657 maestitia
442 1616 475 1656 vel
494 1617 521 1657 ita
539 1616 624 1669 cogitari
641 1620 720 1669 potest,
739 1622 762 1658 ut

84 1689 152 1730 doleat
170 1702 206 1730 eos
223 1692 309 1741 propter
327 1689 370 1729 dies
385 1689 458 1739 festos,
478 1690 553 1743 quippe
569 1689 643 1743 quibus
661 1703 705 1730 non
718 1689 761 1730 lae-

83 1766 162 1813 tentur,
181 1762 218 1803 sed
235 1761 294 1802 lucro
312 1762 381 1814 potius
401 1762 495 1802 studeant
513 1776 581 1816 neque
600 1763 660 1803 deum
679 1763 761 1804 sincero

19 1867 23 1897 t
85 1836 152 1875 auimo
168 1835 245 1885 colant,
261 1848 322 1887 quam
336 1835 456 1875 sententiam
468 1835 570 1875 Antonias
585 1835 606 1875 in
619 1836 762 1878 dissertatione

83 1910 138 1950 hunc
152 1922 235 1949 versum
250 1907 375 1960 explicatura
389 1909 504 1961 proposuit,
520 1908 554 1948 cui
564 1912 686 1950 tamencum
695 1922 762 1951 nexus

84 1982 230 2023 sententiarum
248 1986 356 2033 repugnat,
377 1995 437 2035 quuru
453 1981 492 2021 iarn
507 1982 532 2021 de
547 1981 638 2035 reliquiis
653 1996 721 2023 sermo
736 1984 763 2024 sit

84 2055 144 2095 deum
156 2054 235 2095 sincere
251 2054 375 2104 colentibus,
390 2060 451 2107 atque
465 2055 611 2106 prophetarum
626 2057 762 2108 consuetudo,

83 2130 123 2169 hoc
134 2127 233 2181 peccandi
246 2141 310 2180 genus
323 2126 425 2168 rarissime
440 2130 517 2167 tautum
527 2129 663 2180 tangentium3
679 2133 722 2169 tum
729 2130 762 2170 lo-

84 2216 120 2243 cus
135 2202 235 2242 Jeremiae
250 2202 324 2241 Tlrren.
333 2203 348 2251 l,
364 2201 387 2239 4:
401 2199 446 2239 viae
462 2200 532 2242 Zionis
548 2206 595 2242 sunt
609 2202 702 2254 lugentes
718 2203 762 2244 sine

82 2274 211 2317 venientibus
226 2275 252 2314 ad
266 2274 319 2314 diem
333 2275 414 2322 festum,
428 2279 500 2325 portae
516 2275 560 2316 eius
574 2279 649 2327 vastae,
665 2276 762 2316 sacerdo-

83 2352 114 2389 tes
130 2348 173 2389 eius
187 2349 349 2402 ingemiscentes,
364 2347 454 2399 virgines
465 2348 508 2389 eius
517 2352 614 2400 moestae,
629 2353 648 2389 et
656 2349 696 2402 ipsi
705 2363 763 2391 acer-

38 2419 41 2424 ”
82 2421 132 2462 bum
150 2426 186 2464 est.
215 2422 282 2463 Causa
296 2421 357 2473 igitur
375 2420 486 2461 maestitiae
502 2435 525 2461 ea
540 2426 580 2474 est,
600 2423 656 2476 quod
670 2428 762 2476 tempore

84 2494 145 2545 exilii,
153 2496 249 2556 quamdiu
258 2493 349 2548 populus
357 2498 448 2535 remotus
459 2495 497 2536 suit
505 2508 517 2535 a
525 2495 573 2536 loco
582 2499 702 2547 conventus,
711 2509 762 2538 con-

83 2571 156 2609 ventus
167 2568 207 2621 ipsi
220 2573 277 2610 erant
289 2568 381 2622 abrogati
393 2568 499 2623 caruitque
512 2569 602 2622 populus
615 2568 686 2609 diebus
697 2569 761 2622 festis,

84 2642 118 2696 qui
125 2641 159 2694 pio
169 2643 233 2685 cuivis
242 2655 331 2684 sunrmae
341 2643 388 2685 suut
396 2654 457 2682 causa
465 2641 553 2683 laetitiae
562 2646 623 2696 atque
631 2642 705 2696 gaudii,
718 2643 762 2695 pie-
