<?xml version="1.0" encoding="UTF-8"?>
<!DOCTYPE html PUBLIC "-//W3C//DTD XHTML 1.0 Transitional//EN"
    "http://www.w3.org/TR/xhtml1/DTD/xhtml1-transitional.dtd">
<html xmlns="http://www.w3.org/1999/xhtml" xml:lang="en" lang="en">
 <head>
  <title>
</title>
<meta http-equiv="Content-Type" content="text/html;charset=utf-8" />
  <meta name='ocr-system' content='tesseract 3.04.00' />
  <meta name='ocr-capabilities' content='ocr_page ocr_carea ocr_par ocr_line ocrx_word'/>
</head>
<body>
  <div class='ocr_page' id='page_1' title='image "MN41908ucmf_1_0042.png"; bbox 0 0 1792 3089; ppageno 0'>
   <div class='ocr_carea' id='block_1_1' title="bbox 116 181 532 227">
    <p class='ocr_par' dir='ltr' id='par_1_1' title="bbox 116 181 532 227">
     <span class='ocr_line' id='line_1_1' title="bbox 116 181 532 227; baseline -0.024 0"><span class='ocrx_word' id='word_1_1' title='bbox 116 196 162 227; x_wconf 80' lang='lat' dir='ltr'>xxm</span> <span class='ocrx_word' id='word_1_2' title='bbox 385 181 532 219; x_wconf 77' lang='lat' dir='ltr'>Paomeonmna,</span> 
     </span>
    </p>
   </div>
   <div class='ocr_carea' id='block_1_2' title="bbox 116 276 855 341">
    <p class='ocr_par' dir='ltr' id='par_1_2' title="bbox 116 274 888 341">
     <span class='ocr_line' id='line_1_2' title="bbox 116 276 855 341; baseline -0.003 -13"><span class='ocrx_word' id='word_1_3' title='bbox 116 292 210 340; x_wconf 87' lang='lat' dir='ltr'>tempore</span> <span class='ocrx_word' id='word_1_4' title='bbox 224 286 249 326; x_wconf 89' lang='lat' dir='ltr'>ab</span> <span class='ocrx_word' id='word_1_5' title='bbox 258 284 390 339; x_wconf 76' lang='lat' dir='ltr'>Assyriorum</span> <span class='ocrx_word' id='word_1_6' title='bbox 405 287 491 341; x_wconf 89' lang='lat' dir='ltr'>imperio</span> <span class='ocrx_word' id='word_1_7' title='bbox 506 288 592 338; x_wconf 81' lang='lat' dir='ltr'>liberati,</span> <span class='ocrx_word' id='word_1_8' title='bbox 607 287 727 339; x_wconf 73' lang='lat' dir='ltr'><strong>Scytharum</strong></span> <span class='ocrx_word' id='word_1_9' title='bbox 741 287 799 339; x_wconf 86' lang='lat' dir='ltr'>priu-</span> <span class='ocrx_word' id='word_1_10' title='bbox 853 276 855 291; x_wconf 32' lang='grc' dir='ltr'><strong><em>ἐ</em></strong></span> 
     </span>
    </p>
   </div>
   <div class='ocr_carea' id='block_1_3' title="bbox 117 359 798 413">
    <p class='ocr_par' dir='ltr' id='par_1_3' title="bbox 117 359 798 413">
     <span class='ocr_line' id='line_1_3' title="bbox 117 359 798 413; baseline -0.001 -13"><span class='ocrx_word' id='word_1_11' title='bbox 117 361 205 413; x_wconf 75' lang='lat' dir='ltr'>cipetum</span> <span class='ocrx_word' id='word_1_12' title='bbox 214 359 236 399; x_wconf 89' lang='lat' dir='ltr'>in</span> <span class='ocrx_word' id='word_1_13' title='bbox 247 372 291 399; x_wconf 86' lang='lat' dir='ltr'>rem</span> <span class='ocrx_word' id='word_1_14' title='bbox 303 373 360 400; x_wconf 87' lang='lat' dir='ltr'>suam</span> <span class='ocrx_word' id='word_1_15' title='bbox 373 366 483 412; x_wconf 76' lang='lat' dir='ltr'>appareant</span> <span class='ocrx_word' id='word_1_16' title='bbox 492 360 628 409; x_wconf 77' lang='lat' dir='ltr'>convertisse3</span> <span class='ocrx_word' id='word_1_17' title='bbox 644 373 705 413; x_wconf 83' lang='lat' dir='ltr'>qutun</span> <span class='ocrx_word' id='word_1_18' title='bbox 713 359 736 411; x_wconf 88' lang='grc'>3)</span> <span class='ocrx_word' id='word_1_19' title='bbox 746 360 798 411; x_wconf 83' lang='lat' dir='ltr'>Scy-</span> 
     </span>
    </p>
   </div>
   <div class='ocr_carea' id='block_1_4' title="bbox 117 425 870 484">
    <p class='ocr_par' dir='ltr' id='par_1_4' title="bbox 117 425 870 484">
     <span class='ocr_line' id='line_1_4' title="bbox 117 425 870 484; baseline -0.003 -11"><span class='ocrx_word' id='word_1_20' title='bbox 117 434 197 473; x_wconf 83' lang='lat' dir='ltr'>tharum</span> <span class='ocrx_word' id='word_1_21' title='bbox 215 445 290 472; x_wconf 89' lang='lat' dir='ltr'>nomen</span> <span class='ocrx_word' id='word_1_22' title='bbox 308 445 351 471; x_wconf 90' lang='lat' dir='ltr'>non</span> <span class='ocrx_word' id='word_1_23' title='bbox 368 431 394 472; x_wconf 90' lang='lat' dir='ltr'>sit</span> <span class='ocrx_word' id='word_1_24' title='bbox 409 433 470 472; x_wconf 84' lang='lat' dir='ltr'>certis</span> <span class='ocrx_word' id='word_1_25' title='bbox 485 433 560 473; x_wconf 87' lang='lat' dir='ltr'>finibus</span> <span class='ocrx_word' id='word_1_26' title='bbox 575 432 750 484; x_wconf 85' lang='lat' dir='ltr'>circumscriptum</span> <span class='ocrx_word' id='word_1_27' title='bbox 765 445 798 472; x_wconf 82' lang='lat' dir='ltr'>sa·</span> <span class='ocrx_word' id='word_1_28' title='bbox 845 425 850 474; x_wconf 64' lang='grc' dir='ltr'>ἶ</span> <span class='ocrx_word' id='word_1_29' title='bbox 868 472 870 476; x_wconf 78' lang='grc'><strong>,</strong></span> 
     </span>
    </p>
   </div>
   <div class='ocr_carea' id='block_1_5' title="bbox 117 495 850 564">
    <p class='ocr_par' dir='ltr' id='par_1_5' title="bbox 117 495 878 564">
     <span class='ocr_line' id='line_1_5' title="bbox 117 495 850 564; baseline 0.001 -21"><span class='ocrx_word' id='word_1_30' title='bbox 117 504 185 564; x_wconf 76' lang='lat' dir='ltr'>tisque</span> <span class='ocrx_word' id='word_1_31' title='bbox 199 504 240 543; x_wconf 87' lang='lat' dir='ltr'>late</span> <span class='ocrx_word' id='word_1_32' title='bbox 254 509 331 556; x_wconf 85' lang='lat' dir='ltr'>pateat,</span> <span class='ocrx_word' id='word_1_33' title='bbox 347 498 412 544; x_wconf 84' lang='lat' dir='ltr'>nexus</span> <span class='ocrx_word' id='word_1_34' title='bbox 428 505 509 557; x_wconf 88' lang='lat' dir='ltr'>quidam</span> <span class='ocrx_word' id='word_1_35' title='bbox 524 505 577 544; x_wconf 87' lang='lat' dir='ltr'>inter</span> <span class='ocrx_word' id='word_1_36' title='bbox 592 505 641 545; x_wconf 87' lang='lat' dir='ltr'>duas</span> <span class='ocrx_word' id='word_1_37' title='bbox 657 505 798 557; x_wconf 76' lang='lat' dir='ltr'>expeditiones</span> <span class='ocrx_word' id='word_1_38' title='bbox 848 495 850 519; x_wconf 60' lang='lat'>³</span> 
     </span>
    </p>
   </div>
   <div class='ocr_carea' id='block_1_6' title="bbox 117 566 887 631">
    <p class='ocr_par' dir='ltr' id='par_1_6' title="bbox 117 566 887 631">
     <span class='ocr_line' id='line_1_6' title="bbox 117 566 887 631; baseline 0.003 -15"><span class='ocrx_word' id='word_1_39' title='bbox 117 576 199 617; x_wconf 88' lang='lat' dir='ltr'>videtur</span> <span class='ocrx_word' id='word_1_40' title='bbox 213 575 258 617; x_wconf 88' lang='lat' dir='ltr'>veri</span> <span class='ocrx_word' id='word_1_41' title='bbox 272 575 349 618; x_wconf 85' lang='lat' dir='ltr'>similis.</span> <span class='ocrx_word' id='word_1_42' title='bbox 375 577 403 617; x_wconf 89' lang='lat' dir='ltr'>Et</span> <span class='ocrx_word' id='word_1_43' title='bbox 415 577 446 618; x_wconf 93' lang='lat' dir='ltr'>his</span> <span class='ocrx_word' id='word_1_44' title='bbox 461 568 543 631; x_wconf 84' lang='lat' dir='ltr'>quidem</span> <span class='ocrx_word' id='word_1_45' title='bbox 555 578 679 631; x_wconf 80' lang='lat' dir='ltr'>argumentis</span> <span class='ocrx_word' id='word_1_46' title='bbox 692 569 799 618; x_wconf 79' lang='lat' dir='ltr'>llllclmclc&#39;r</span> <span class='ocrx_word' id='word_1_47' title='bbox 847 627 848 630; x_wconf 11' lang='grc' dir='ltr'><strong>Ἴ</strong></span> <span class='ocrx_word' id='word_1_48' title='bbox 868 566 887 598; x_wconf 60' lang='lat'>³³</span> 
     </span>
    </p>
   </div>
   <div class='ocr_carea' id='block_1_7' title="bbox 117 647 896 777">
    <p class='ocr_par' dir='ltr' id='par_1_7' title="bbox 117 642 896 777">
     <span class='ocr_line' id='line_1_7' title="bbox 119 647 869 709; baseline 0 -17"><span class='ocrx_word' id='word_1_49' title='bbox 119 649 284 704; x_wconf 70' lang='lat' dir='ltr'>Spicilegiumll,</span> <span class='ocrx_word' id='word_1_50' title='bbox 296 665 316 704; x_wconf 93' lang='lat' dir='ltr'>p.</span> <span class='ocrx_word' id='word_1_51' title='bbox 327 652 354 690; x_wconf 79' lang='lat'>45</span> <span class='ocrx_word' id='word_1_52' title='bbox 367 654 532 701; x_wconf 77' lang='lat' dir='ltr'>commotus&#39;est,</span> <span class='ocrx_word' id='word_1_53' title='bbox 545 655 568 691; x_wconf 87' lang='lat' dir='ltr'>ut</span> <span class='ocrx_word' id='word_1_54' title='bbox 577 652 662 709; x_wconf 85' lang='lat' dir='ltr'>Scythas</span> <span class='ocrx_word' id='word_1_55' title='bbox 670 652 717 693; x_wconf 90' lang='lat' dir='ltr'>illos</span> <span class='ocrx_word' id='word_1_56' title='bbox 727 665 809 699; x_wconf 84' lang='lat' dir='ltr'>omues</span> <span class='ocrx_word' id='word_1_57' title='bbox 846 647 869 708; x_wconf 20' lang='grc' dir='ltr'>ᾖ]</span> 
     </span>
     <span class='ocr_line' id='line_1_8' title="bbox 117 724 896 777; baseline -0.001 -12"><span class='ocrx_word' id='word_1_58' title='bbox 117 724 218 765; x_wconf 74' lang='lat' dir='ltr'>Herodoti</span> <span class='ocrx_word' id='word_1_59' title='bbox 224 724 351 776; x_wconf 88' lang='lat' dir='ltr'>Babylonios</span> <span class='ocrx_word' id='word_1_60' title='bbox 360 724 473 776; x_wconf 79' lang='lat' dir='ltr'>scripturae</span> <span class='ocrx_word' id='word_1_61' title='bbox 482 737 552 764; x_wconf 87' lang='lat' dir='ltr'>sacrae</span> <span class='ocrx_word' id='word_1_62' title='bbox 562 738 607 765; x_wconf 87' lang='lat' dir='ltr'>esse</span> <span class='ocrx_word' id='word_1_63' title='bbox 616 726 755 777; x_wconf 81' lang='lat' dir='ltr'>contenderet,</span> <span class='ocrx_word' id='word_1_64' title='bbox 765 725 798 766; x_wconf 91' lang='lat' dir='ltr'>cui</span> <span class='ocrx_word' id='word_1_65' title='bbox 850 737 855 751; x_wconf 45' lang='lat' dir='ltr'>&#39;r</span> <span class='ocrx_word' id='word_1_66' title='bbox 894 736 896 740; x_wconf 86' lang='grc'><strong><em>·</em></strong></span> 
     </span>
    </p>
   </div>
   <div class='ocr_carea' id='block_1_8' title="bbox 109 797 855 921">
    <p class='ocr_par' dir='ltr' id='par_1_8' title="bbox 109 797 855 921">
     <span class='ocr_line' id='line_1_9' title="bbox 109 797 798 851; baseline 0.001 -14"><span class='ocrx_word' id='word_1_67' title='bbox 109 801 185 844; x_wconf 52' lang='lat' dir='ltr'>,tamen</span> <span class='ocrx_word' id='word_1_68' title='bbox 200 797 312 838; x_wconf 88' lang='lat' dir='ltr'>sententiae</span> <span class='ocrx_word' id='word_1_69' title='bbox 326 810 393 849; x_wconf 90' lang='lat' dir='ltr'>neque</span> <span class='ocrx_word' id='word_1_70' title='bbox 400 797 501 838; x_wconf 76' lang='lat' dir='ltr'>Herodoti</span> <span class='ocrx_word' id='word_1_71' title='bbox 513 798 576 837; x_wconf 87' lang='lat' dir='ltr'>verba</span> <span class='ocrx_word' id='word_1_72' title='bbox 588 797 657 837; x_wconf 87' lang='lat' dir='ltr'>favent</span> <span class='ocrx_word' id='word_1_73' title='bbox 669 812 736 851; x_wconf 86' lang='lat' dir='ltr'>neque</span> <span class='ocrx_word' id='word_1_74' title='bbox 748 799 798 839; x_wconf 82' lang='lat' dir='ltr'>scri-</span> 
     </span>
     <span class='ocr_line' id='line_1_10' title="bbox 118 865 855 921; baseline 0.001 -13"><span class='ocrx_word' id='word_1_75' title='bbox 118 874 191 921; x_wconf 83' lang='lat' dir='ltr'>pturae</span> <span class='ocrx_word' id='word_1_76' title='bbox 212 883 282 909; x_wconf 87' lang='lat' dir='ltr'>sacrae</span> <span class='ocrx_word' id='word_1_77' title='bbox 304 869 406 909; x_wconf 86' lang='lat' dir='ltr'>silentium</span> <span class='ocrx_word' id='word_1_78' title='bbox 427 874 567 920; x_wconf 79' lang='lat' dir='ltr'>argumentum</span> <span class='ocrx_word' id='word_1_79' title='bbox 588 874 619 910; x_wconf 86' lang='lat' dir='ltr'>est</span> <span class='ocrx_word' id='word_1_80' title='bbox 640 870 689 910; x_wconf 85' lang='lat' dir='ltr'>satis</span> <span class='ocrx_word' id='word_1_81' title='bbox 711 871 797 910; x_wconf 86' lang='lat' dir='ltr'>firmum.</span> <span class='ocrx_word' id='word_1_82' title='bbox 854 865 855 869; x_wconf 36' lang='lat'>¹</span> 
     </span>
    </p>
   </div>
   <div class='ocr_carea' id='block_1_9' title="bbox 119 936 859 992">
    <p class='ocr_par' dir='ltr' id='par_1_9' title="bbox 119 936 859 992">
     <span class='ocr_line' id='line_1_11' title="bbox 119 936 859 992; baseline 0.001 -12"><span class='ocrx_word' id='word_1_83' title='bbox 119 942 169 980; x_wconf 86' lang='lat' dir='ltr'>Veri</span> <span class='ocrx_word' id='word_1_84' title='bbox 183 946 214 981; x_wconf 89' lang='lat' dir='ltr'>est</span> <span class='ocrx_word' id='word_1_85' title='bbox 229 941 313 981; x_wconf 86' lang='lat' dir='ltr'>similius</span> <span class='ocrx_word' id='word_1_86' title='bbox 329 940 480 992; x_wconf 79' lang='lat' dir='ltr'>expeditionem</span> <span class='ocrx_word' id='word_1_87' title='bbox 494 940 548 980; x_wconf 88' lang='lat' dir='ltr'>illam</span> <span class='ocrx_word' id='word_1_88' title='bbox 564 941 583 980; x_wconf 89' lang='lat' dir='ltr'>in</span> <span class='ocrx_word' id='word_1_89' title='bbox 594 941 727 980; x_wconf 82' lang='lat' dir='ltr'>Palaestinam</span> <span class='ocrx_word' id='word_1_90' title='bbox 738 943 799 981; x_wconf 85' lang='lat' dir='ltr'>aBa-</span> <span class='ocrx_word' id='word_1_91' title='bbox 852 936 859 960; x_wconf 62' lang='lat'>³</span> 
     </span>
    </p>
   </div>
   <div class='ocr_carea' id='block_1_10' title="bbox 72 1011 866 2228">
    <p class='ocr_par' dir='ltr' id='par_1_10' title="bbox 119 1011 798 1066">
     <span class='ocr_line' id='line_1_12' title="bbox 119 1011 798 1066; baseline 0.003 -13"><span class='ocrx_word' id='word_1_92' title='bbox 119 1013 208 1066; x_wconf 88' lang='lat' dir='ltr'>byloniis</span> <span class='ocrx_word' id='word_1_93' title='bbox 222 1013 295 1053; x_wconf 87' lang='lat' dir='ltr'>factam</span> <span class='ocrx_word' id='word_1_94' title='bbox 311 1026 357 1053; x_wconf 83' lang='lat' dir='ltr'>esse</span> <span class='ocrx_word' id='word_1_95' title='bbox 371 1011 405 1052; x_wconf 90' lang='lat' dir='ltr'>vel</span> <span class='ocrx_word' id='word_1_96' title='bbox 419 1012 470 1053; x_wconf 84' lang='lat' dir='ltr'>solis</span> <span class='ocrx_word' id='word_1_97' title='bbox 484 1012 517 1053; x_wconf 91' lang='lat' dir='ltr'>vel</span> <span class='ocrx_word' id='word_1_98' title='bbox 530 1026 576 1053; x_wconf 90' lang='lat' dir='ltr'>cnm</span> <span class='ocrx_word' id='word_1_99' title='bbox 584 1013 669 1065; x_wconf 80' lang='lat' dir='ltr'>Scythis</span> <span class='ocrx_word' id='word_1_100' title='bbox 677 1014 798 1055; x_wconf 86' lang='lat' dir='ltr'>coniunctis.</span> 
     </span>
    </p>

    <p class='ocr_par' dir='ltr' id='par_1_11' title="bbox 72 1072 856 2083">
     <span class='ocr_line' id='line_1_13' title="bbox 155 1072 800 1140; baseline 0.003 -14"><span class='ocrx_word' id='word_1_101' title='bbox 155 1072 219 1138; x_wconf 41' lang='lat' dir='ltr'>&#39;Quae</span> <span class='ocrx_word' id='word_1_102' title='bbox 232 1090 337 1140; x_wconf 88' lang='lat' dir='ltr'>utcunque</span> <span class='ocrx_word' id='word_1_103' title='bbox 352 1099 374 1127; x_wconf 84' lang='lat' dir='ltr'>se</span> <span class='ocrx_word' id='word_1_104' title='bbox 388 1086 472 1136; x_wconf 81' lang='lat' dir='ltr'>habent,</span> <span class='ocrx_word' id='word_1_105' title='bbox 492 1086 590 1139; x_wconf 87' lang='lat' dir='ltr'>temporis</span> <span class='ocrx_word' id='word_1_106' title='bbox 605 1099 687 1140; x_wconf 88' lang='lat' dir='ltr'>quoque</span> <span class='ocrx_word' id='word_1_107' title='bbox 701 1087 753 1127; x_wconf 86' lang='lat' dir='ltr'>ratio</span> <span class='ocrx_word' id='word_1_108' title='bbox 769 1092 800 1128; x_wconf 89' lang='lat' dir='ltr'>est</span> 
     </span>
     <span class='ocr_line' id='line_1_14' title="bbox 119 1149 852 1212; baseline 0 -13"><span class='ocrx_word' id='word_1_109' title='bbox 119 1158 203 1199; x_wconf 84' lang='lat' dir='ltr'>incerta.</span> <span class='ocrx_word' id='word_1_110' title='bbox 243 1160 399 1211; x_wconf 79' lang='lat' dir='ltr'>Expeditionem</span> <span class='ocrx_word' id='word_1_111' title='bbox 418 1159 471 1199; x_wconf 84' lang='lat' dir='ltr'>eninr</span> <span class='ocrx_word' id='word_1_112' title='bbox 490 1160 616 1211; x_wconf 82' lang='lat' dir='ltr'>Scytharum</span> <span class='ocrx_word' id='word_1_113' title='bbox 630 1172 742 1212; x_wconf 85' lang='lat' dir='ltr'>eorumque</span> <span class='ocrx_word' id='word_1_114' title='bbox 761 1160 799 1199; x_wconf 88' lang='lat' dir='ltr'>do·</span> <span class='ocrx_word' id='word_1_115' title='bbox 850 1149 852 1151; x_wconf 14' lang='lat' dir='ltr'>l</span> 
     </span>
     <span class='ocr_line' id='line_1_15' title="bbox 120 1231 799 1285; baseline 0.001 -14"><span class='ocrx_word' id='word_1_116' title='bbox 120 1231 250 1271; x_wconf 87' lang='lat' dir='ltr'>minationem</span> <span class='ocrx_word' id='word_1_117' title='bbox 268 1234 362 1285; x_wconf 75' lang='lat' dir='ltr'>Bcpcrus</span> <span class='ocrx_word' id='word_1_118' title='bbox 375 1232 389 1272; x_wconf 95' lang='lat' dir='ltr'>l.</span> <span class='ocrx_word' id='word_1_119' title='bbox 401 1246 418 1272; x_wconf 90' lang='lat' dir='ltr'>c.</span> <span class='ocrx_word' id='word_1_120' title='bbox 434 1246 453 1284; x_wconf 85' lang='lat' dir='ltr'>p.</span> <span class='ocrx_word' id='word_1_121' title='bbox 466 1233 506 1271; x_wconf 74' lang='lat'>145</span> <span class='ocrx_word' id='word_1_122' title='bbox 527 1245 552 1272; x_wconf 90' lang='lat' dir='ltr'>ex</span> <span class='ocrx_word' id='word_1_123' title='bbox 571 1232 684 1272; x_wconf 85' lang='lat' dir='ltr'>rationibus</span> <span class='ocrx_word' id='word_1_124' title='bbox 703 1236 799 1272; x_wconf 87' lang='lat' dir='ltr'>astrono-</span> 
     </span>
     <span class='ocr_line' id='line_1_16' title="bbox 120 1303 847 1354; baseline 0.001 -12"><span class='ocrx_word' id='word_1_125' title='bbox 120 1304 177 1345; x_wconf 87' lang='lat' dir='ltr'>micis</span> <span class='ocrx_word' id='word_1_126' title='bbox 195 1304 301 1344; x_wconf 88' lang='lat' dir='ltr'>constituit</span> <span class='ocrx_word' id='word_1_127' title='bbox 319 1304 366 1343; x_wconf 86' lang='lat' dir='ltr'>inde</span> <span class='ocrx_word' id='word_1_128' title='bbox 385 1305 409 1344; x_wconf 88' lang='lat' dir='ltr'>ab</span> <span class='ocrx_word' id='word_1_129' title='bbox 429 1318 483 1344; x_wconf 89' lang='lat' dir='ltr'>anno</span> <span class='ocrx_word' id='word_1_130' title='bbox 496 1305 622 1354; x_wconf 58' lang='lat' dir='ltr'>tar-⁴609,</span> <span class='ocrx_word' id='word_1_131' title='bbox 637 1303 754 1344; x_wconf 74' lang='lat' dir='ltr'>Lurclacrat&#39;</span> <span class='ocrx_word' id='word_1_132' title='bbox 768 1305 799 1343; x_wconf 92' lang='lat' dir='ltr'>hi-</span> <span class='ocrx_word' id='word_1_133' title='bbox 846 1314 847 1317; x_wconf 77' lang='grc'>’</span> 
     </span>
     <span class='ocr_line' id='line_1_17' title="bbox 120 1376 799 1428; baseline 0.001 -13"><span class='ocrx_word' id='word_1_134' title='bbox 120 1376 183 1416; x_wconf 83' lang='lat' dir='ltr'>stoire</span> <span class='ocrx_word' id='word_1_135' title='bbox 198 1376 323 1416; x_wconf 86' lang='lat' dir='ltr'>d⁷Herodote</span> <span class='ocrx_word' id='word_1_136' title='bbox 337 1377 388 1424; x_wconf 82' lang='lat' dir='ltr'>Vll⁷</span> <span class='ocrx_word' id='word_1_137' title='bbox 403 1389 448 1428; x_wconf 77' lang='lat' dir='ltr'>pag,</span> <span class='ocrx_word' id='word_1_138' title='bbox 463 1377 582 1416; x_wconf 76' lang='lat' dir='ltr'>tat-153</span> <span class='ocrx_word' id='word_1_139' title='bbox 597 1377 655 1415; x_wconf 89' lang='lat' dir='ltr'>anuis</span> <span class='ocrx_word' id='word_1_140' title='bbox 670 1376 799 1426; x_wconf 70' lang='lat'>633-605,</span> 
     </span>
     <span class='ocr_line' id='line_1_18' title="bbox 72 1448 798 1502; baseline 0.001 -15"><span class='ocrx_word' id='word_1_141' title='bbox 72 1491 74 1494; x_wconf 55' lang='grc'>,</span> <span class='ocrx_word' id='word_1_142' title='bbox 125 1448 217 1488; x_wconf 69' lang='lat' dir='ltr'>Volcacius</span> <span class='ocrx_word' id='word_1_143' title='bbox 231 1448 351 1499; x_wconf 76' lang='lat' dir='ltr'>chronolog.</span> <span class='ocrx_word' id='word_1_144' title='bbox 367 1448 443 1487; x_wconf 89' lang='lat' dir='ltr'>Herod.</span> <span class='ocrx_word' id='word_1_145' title='bbox 455 1448 513 1488; x_wconf 89' lang='lat' dir='ltr'>aunis</span> <span class='ocrx_word' id='word_1_146' title='bbox 529 1449 655 1489; x_wconf 80' lang='lat'>625—598.</span> <span class='ocrx_word' id='word_1_147' title='bbox 678 1448 709 1488; x_wconf 84' lang='lat' dir='ltr'>Ex</span> <span class='ocrx_word' id='word_1_148' title='bbox 724 1448 798 1502; x_wconf 89' lang='lat' dir='ltr'>quihus</span> 
     </span>
     <span class='ocr_line' id='line_1_19' title="bbox 120 1503 856 1575; baseline 0 -14"><span class='ocrx_word' id='word_1_149' title='bbox 120 1520 204 1572; x_wconf 79' lang='lat' dir='ltr'>etiamsi,</span> <span class='ocrx_word' id='word_1_150' title='bbox 220 1535 282 1575; x_wconf 87' lang='lat' dir='ltr'>quum</span> <span class='ocrx_word' id='word_1_151' title='bbox 294 1521 364 1560; x_wconf 84' lang='lat' dir='ltr'>aetatis</span> <span class='ocrx_word' id='word_1_152' title='bbox 377 1520 431 1561; x_wconf 86' lang='lat' dir='ltr'>illius</span> <span class='ocrx_word' id='word_1_153' title='bbox 443 1520 532 1560; x_wconf 87' lang='lat' dir='ltr'>rationes</span> <span class='ocrx_word' id='word_1_154' title='bbox 546 1520 704 1573; x_wconf 76' lang='lat' dir='ltr'>chronologicae</span> <span class='ocrx_word' id='word_1_155' title='bbox 712 1522 799 1561; x_wconf 79' lang='lat' dir='ltr'>maxime</span> <span class='ocrx_word' id='word_1_156' title='bbox 854 1503 856 1513; x_wconf 28' lang='grc' dir='ltr'><em>Α</em></span> 
     </span>
     <span class='ocr_line' id='line_1_20' title="bbox 120 1592 800 1647; baseline -0.001 -12"><span class='ocrx_word' id='word_1_157' title='bbox 120 1595 160 1635; x_wconf 89' lang='lat' dir='ltr'>sint</span> <span class='ocrx_word' id='word_1_158' title='bbox 172 1595 272 1636; x_wconf 84' lang='lat' dir='ltr'>obscurae</span> <span class='ocrx_word' id='word_1_159' title='bbox 281 1592 308 1645; x_wconf 85' lang='lat'>¹),</span> <span class='ocrx_word' id='word_1_160' title='bbox 322 1594 416 1646; x_wconf 63' lang='lat' dir='ltr'>caparae</span> <span class='ocrx_word' id='word_1_161' title='bbox 428 1598 489 1646; x_wconf 87' lang='lat' dir='ltr'>atque</span> <span class='ocrx_word' id='word_1_162' title='bbox 497 1593 614 1633; x_wconf 78' lang='lat' dir='ltr'>Lcrclecrnr</span> <span class='ocrx_word' id='word_1_163' title='bbox 625 1594 731 1634; x_wconf 89' lang='lat' dir='ltr'>videantur</span> <span class='ocrx_word' id='word_1_164' title='bbox 739 1608 800 1647; x_wconf 88' lang='lat' dir='ltr'>prae-</span> 
     </span>
     <span class='ocr_line' id='line_1_21' title="bbox 119 1666 799 1718; baseline 0.001 -11"><span class='ocrx_word' id='word_1_165' title='bbox 119 1667 204 1718; x_wconf 83' lang='lat' dir='ltr'>sereudi,</span> <span class='ocrx_word' id='word_1_166' title='bbox 221 1666 299 1707; x_wconf 89' lang='lat' dir='ltr'>etiamsi</span> <span class='ocrx_word' id='word_1_167' title='bbox 313 1680 359 1707; x_wconf 87' lang='lat' dir='ltr'>cum</span> <span class='ocrx_word' id='word_1_168' title='bbox 373 1667 466 1718; x_wconf 75' lang='lat' dir='ltr'>Httm&#39;gt&#39;o</span> <span class='ocrx_word' id='word_1_169' title='bbox 479 1678 579 1718; x_wconf 88' lang='lat' dir='ltr'>ponamus</span> <span class='ocrx_word' id='word_1_170' title='bbox 591 1666 704 1718; x_wconf 84' lang='lat' dir='ltr'>Oyaxarem</span> <span class='ocrx_word' id='word_1_171' title='bbox 719 1680 736 1709; x_wconf 89' lang='lat' dir='ltr'>a.</span> <span class='ocrx_word' id='word_1_172' title='bbox 751 1668 799 1708; x_wconf 87' lang='lat'>633.</span> 
     </span>
     <span class='ocr_line' id='line_1_22' title="bbox 120 1739 801 1791; baseline 0 -12"><span class='ocrx_word' id='word_1_173' title='bbox 120 1740 240 1780; x_wconf 81' lang='lat' dir='ltr'>Phraortam</span> <span class='ocrx_word' id='word_1_174' title='bbox 259 1739 374 1791; x_wconf 83' lang='lat' dir='ltr'>excepisse,</span> <span class='ocrx_word' id='word_1_175' title='bbox 394 1744 461 1779; x_wconf 87' lang='lat' dir='ltr'>tamen</span> <span class='ocrx_word' id='word_1_176' title='bbox 480 1739 514 1778; x_wconf 89' lang='lat' dir='ltr'>vix</span> <span class='ocrx_word' id='word_1_177' title='bbox 533 1739 614 1779; x_wconf 87' lang='lat' dir='ltr'>videtur</span> <span class='ocrx_word' id='word_1_178' title='bbox 629 1739 751 1791; x_wconf 85' lang='lat' dir='ltr'>Scytharum</span> <span class='ocrx_word' id='word_1_179' title='bbox 765 1740 801 1779; x_wconf 89' lang='lat' dir='ltr'>illa</span> 
     </span>
     <span class='ocr_line' id='line_1_23' title="bbox 119 1809 800 1864; baseline -0.003 -12"><span class='ocrx_word' id='word_1_180' title='bbox 119 1811 141 1852; x_wconf 86' lang='lat' dir='ltr'>itt</span> <span class='ocrx_word' id='word_1_181' title='bbox 155 1809 289 1852; x_wconf 82' lang='lat' dir='ltr'>Palaestinam</span> <span class='ocrx_word' id='word_1_182' title='bbox 304 1811 406 1864; x_wconf 85' lang='lat' dir='ltr'>expeditio</span> <span class='ocrx_word' id='word_1_183' title='bbox 426 1811 482 1850; x_wconf 87' lang='lat' dir='ltr'>certo</span> <span class='ocrx_word' id='word_1_184' title='bbox 498 1823 599 1850; x_wconf 84' lang='lat' dir='ltr'>annorum</span> <span class='ocrx_word' id='word_1_185' title='bbox 615 1811 697 1851; x_wconf 84' lang='lat' dir='ltr'>illorum</span> <span class='ocrx_word' id='word_1_186' title='bbox 711 1811 800 1863; x_wconf 86' lang='lat' dir='ltr'>tempori</span> 
     </span>
     <span class='ocr_line' id='line_1_24' title="bbox 118 1880 798 1936; baseline -0.001 -12"><span class='ocrx_word' id='word_1_187' title='bbox 118 1884 241 1924; x_wconf 87' lang='lat' dir='ltr'>vindicanda</span> <span class='ocrx_word' id='word_1_188' title='bbox 255 1897 312 1931; x_wconf 77' lang='lat' dir='ltr'>esse;</span> <span class='ocrx_word' id='word_1_189' title='bbox 331 1883 380 1936; x_wconf 87' lang='lat' dir='ltr'>quin</span> <span class='ocrx_word' id='word_1_190' title='bbox 396 1883 456 1923; x_wconf 89' lang='lat' dir='ltr'>etiam</span> <span class='ocrx_word' id='word_1_191' title='bbox 469 1880 567 1921; x_wconf 64' lang='lat' dir='ltr'>maetam</span> <span class='ocrx_word' id='word_1_192' title='bbox 583 1881 660 1922; x_wconf 80' lang='lat' dir='ltr'>Chron.</span> <span class='ocrx_word' id='word_1_193' title='bbox 675 1883 757 1924; x_wconf 82' lang='lat' dir='ltr'>Arinen.</span> <span class='ocrx_word' id='word_1_194' title='bbox 773 1885 798 1933; x_wconf 88' lang='lat' dir='ltr'>ll,</span> 
     </span>
     <span class='ocr_line' id='line_1_25' title="bbox 119 1955 799 2010; baseline 0 -14"><span class='ocrx_word' id='word_1_195' title='bbox 119 1969 165 2009; x_wconf 81' lang='lat' dir='ltr'>pag.</span> <span class='ocrx_word' id='word_1_196' title='bbox 180 1958 221 1997; x_wconf 80' lang='lat'>107</span> <span class='ocrx_word' id='word_1_197' title='bbox 240 1957 361 2009; x_wconf 85' lang='lat' dir='ltr'>Scytharum</span> <span class='ocrx_word' id='word_1_198' title='bbox 380 1956 506 2000; x_wconf 86' lang='lat' dir='ltr'>invasionem</span> <span class='ocrx_word' id='word_1_199' title='bbox 528 1958 574 1995; x_wconf 86' lang='lat' dir='ltr'>aute</span> <span class='ocrx_word' id='word_1_200' title='bbox 594 1955 717 2008; x_wconf 87' lang='lat' dir='ltr'>Zephaniam</span> <span class='ocrx_word' id='word_1_201' title='bbox 738 1960 799 2010; x_wconf 86' lang='lat' dir='ltr'>atque</span> 
     </span>
     <span class='ocr_line' id='line_1_26' title="bbox 118 2016 491 2083; baseline 0.003 -14"><span class='ocrx_word' id='word_1_202' title='bbox 118 2029 227 2070; x_wconf 84' lang='lat' dir='ltr'>Jeremiam</span> <span class='ocrx_word' id='word_1_203' title='bbox 241 2031 352 2083; x_wconf 87' lang='lat' dir='ltr'>prophetas</span> <span class='ocrx_word' id='word_1_204' title='bbox 368 2029 462 2070; x_wconf 90' lang='lat' dir='ltr'>collocat.</span> <span class='ocrx_word' id='word_1_205' title='bbox 489 2016 491 2018; x_wconf 21' lang='grc' dir='ltr'>Ι</span> 
     </span>
    </p>

    <p class='ocr_par' dir='ltr' id='par_1_12' title="bbox 118 2092 866 2228">
     <span class='ocr_line' id='line_1_27' title="bbox 162 2092 866 2156; baseline -0.001 -14"><span class='ocrx_word' id='word_1_206' title='bbox 162 2092 248 2155; x_wconf 84' lang='lat' dir='ltr'>Scythas</span> <span class='ocrx_word' id='word_1_207' title='bbox 266 2103 328 2155; x_wconf 83' lang='lat' dir='ltr'>igitur</span> <span class='ocrx_word' id='word_1_208' title='bbox 346 2115 413 2155; x_wconf 87' lang='lat' dir='ltr'>neque</span> <span class='ocrx_word' id='word_1_209' title='bbox 431 2101 532 2141; x_wconf 86' lang='lat' dir='ltr'>Jeremiae</span> <span class='ocrx_word' id='word_1_210' title='bbox 551 2114 619 2156; x_wconf 84' lang='lat' dir='ltr'>neque</span> <span class='ocrx_word' id='word_1_211' title='bbox 634 2101 748 2154; x_wconf 88' lang='lat' dir='ltr'>Zephaniae</span> <span class='ocrx_word' id='word_1_212' title='bbox 763 2114 799 2143; x_wconf 83' lang='lat' dir='ltr'>va·</span> <span class='ocrx_word' id='word_1_213' title='bbox 859 2104 866 2147; x_wconf 67' lang='lat' dir='ltr'>J</span> 
     </span>
     <span class='ocr_line' id='line_1_28' title="bbox 118 2174 854 2228; baseline -0.003 -13"><span class='ocrx_word' id='word_1_214' title='bbox 118 2174 193 2216; x_wconf 82' lang='lat' dir='ltr'>liciniis</span> <span class='ocrx_word' id='word_1_215' title='bbox 207 2174 293 2216; x_wconf 87' lang='lat' dir='ltr'>iudicari</span> <span class='ocrx_word' id='word_1_216' title='bbox 307 2180 397 2228; x_wconf 87' lang='lat' dir='ltr'>apparet.</span> <span class='ocrx_word' id='word_1_217' title='bbox 427 2175 480 2215; x_wconf 88' lang='lat' dir='ltr'>Sunt</span> <span class='ocrx_word' id='word_1_218' title='bbox 494 2175 555 2226; x_wconf 84' lang='lat' dir='ltr'>igitur</span> <span class='ocrx_word' id='word_1_219' title='bbox 569 2175 638 2215; x_wconf 86' lang='lat' dir='ltr'>hostes</span> <span class='ocrx_word' id='word_1_220' title='bbox 654 2174 751 2215; x_wconf 83' lang='lat' dir='ltr'>Chaldaei</span> <span class='ocrx_word' id='word_1_221' title='bbox 765 2174 799 2215; x_wconf 89' lang='lat' dir='ltr'>vel</span> <span class='ocrx_word' id='word_1_222' title='bbox 851 2179 854 2227; x_wconf 55' lang='lat'>&#39;3</span> 
     </span>
    </p>
   </div>
   <div class='ocr_carea' id='block_1_11' title="bbox 168 2298 869 2352">
    <p class='ocr_par' dir='ltr' id='par_1_13' title="bbox 168 2298 869 2352">
     <span class='ocr_line' id='line_1_29' title="bbox 168 2298 869 2352; baseline -0.003 -18"><span class='ocrx_word' id='word_1_223' title='bbox 168 2300 184 2346; x_wconf 93' lang='lat'>¹)</span> <span class='ocrx_word' id='word_1_224' title='bbox 195 2300 253 2334; x_wconf 85' lang='lat' dir='ltr'>Etiam</span> <span class='ocrx_word' id='word_1_225' title='bbox 265 2301 294 2347; x_wconf 86' lang='lat' dir='ltr'>qui</span> <span class='ocrx_word' id='word_1_226' title='bbox 309 2301 327 2334; x_wconf 89' lang='lat' dir='ltr'>in</span> <span class='ocrx_word' id='word_1_227' title='bbox 342 2299 412 2339; x_wconf 76' lang='lat' dir='ltr'>incertis</span> <span class='ocrx_word' id='word_1_228' title='bbox 424 2298 527 2333; x_wconf 82' lang='lat' dir='ltr'>certissimus</span> <span class='ocrx_word' id='word_1_229' title='bbox 539 2300 608 2333; x_wconf 79' lang='lat' dir='ltr'>videtur</span> <span class='ocrx_word' id='word_1_230' title='bbox 619 2299 660 2333; x_wconf 87' lang='lat' dir='ltr'>solis</span> <span class='ocrx_word' id='word_1_231' title='bbox 673 2298 751 2331; x_wconf 82' lang='lat' dir='ltr'>defectus</span> <span class='ocrx_word' id='word_1_232' title='bbox 763 2298 809 2344; x_wconf 51' lang='lat' dir='ltr'>He-¹</span> <span class='ocrx_word' id='word_1_233' title='bbox 863 2316 869 2352; x_wconf 77' lang='lat' dir='ltr'>l</span> 
     </span>
    </p>
   </div>
   <div class='ocr_carea' id='block_1_12' title="bbox 118 2352 831 2460">
    <p class='ocr_par' dir='ltr' id='par_1_14' title="bbox 118 2352 831 2460">
     <span class='ocr_line' id='line_1_30' title="bbox 118 2352 800 2398; baseline -0.003 -7"><span class='ocrx_word' id='word_1_234' title='bbox 118 2355 158 2397; x_wconf 76' lang='lat' dir='ltr'>rod,</span> <span class='ocrx_word' id='word_1_235' title='bbox 166 2358 181 2398; x_wconf 87' lang='lat' dir='ltr'>I,</span> <span class='ocrx_word' id='word_1_236' title='bbox 193 2356 216 2392; x_wconf 63' lang='grc'>74</span> <span class='ocrx_word' id='word_1_237' title='bbox 227 2357 264 2391; x_wconf 82' lang='lat' dir='ltr'>aliis</span> <span class='ocrx_word' id='word_1_238' title='bbox 275 2358 297 2392; x_wconf 82' lang='lat' dir='ltr'>ab</span> <span class='ocrx_word' id='word_1_239' title='bbox 309 2357 346 2391; x_wconf 78' lang='lat' dir='ltr'>aliis</span> <span class='ocrx_word' id='word_1_240' title='bbox 358 2356 398 2390; x_wconf 82' lang='lat' dir='ltr'>viris</span> <span class='ocrx_word' id='word_1_241' title='bbox 411 2355 466 2389; x_wconf 84' lang='lat' dir='ltr'>doctis</span> <span class='ocrx_word' id='word_1_242' title='bbox 479 2354 562 2389; x_wconf 79' lang='lat' dir='ltr'>tribuitur</span> <span class='ocrx_word' id='word_1_243' title='bbox 573 2355 624 2389; x_wconf 52' lang='lat' dir='ltr'>anuis*</span> <span class='ocrx_word' id='word_1_244' title='bbox 634 2356 655 2390; x_wconf 88' lang='lat' dir='ltr'>cf.</span> <span class='ocrx_word' id='word_1_245' title='bbox 663 2352 734 2390; x_wconf 78' lang='lat' dir='ltr'>Idelert&#39;</span> <span class='ocrx_word' id='word_1_246' title='bbox 745 2355 800 2390; x_wconf 82' lang='lat' dir='ltr'>Chro-</span> 
     </span>
     <span class='ocr_line' id='line_1_31' title="bbox 118 2410 831 2460; baseline -0.001 -13"><span class='ocrx_word' id='word_1_247' title='bbox 118 2413 155 2448; x_wconf 89' lang='lat' dir='ltr'>nol.</span> <span class='ocrx_word' id='word_1_248' title='bbox 166 2414 184 2454; x_wconf 91' lang='lat' dir='ltr'>I,</span> <span class='ocrx_word' id='word_1_249' title='bbox 195 2413 239 2454; x_wconf 79' lang='lat'>209,</span> <span class='ocrx_word' id='word_1_250' title='bbox 255 2414 285 2460; x_wconf 87' lang='lat' dir='ltr'>qui</span> <span class='ocrx_word' id='word_1_251' title='bbox 297 2414 363 2460; x_wconf 81' lang='lat' dir='ltr'>etipse</span> <span class='ocrx_word' id='word_1_252' title='bbox 376 2411 472 2447; x_wconf 74' lang='lat' dir='ltr'>Larcltert&#39;</span> <span class='ocrx_word' id='word_1_253' title='bbox 481 2412 509 2445; x_wconf 81' lang='lat' dir='ltr'>vel</span> <span class='ocrx_word' id='word_1_254' title='bbox 522 2411 597 2458; x_wconf 76' lang='lat' dir='ltr'>Bayert&#39;</span> <span class='ocrx_word' id='word_1_255' title='bbox 610 2410 677 2445; x_wconf 83' lang='lat' dir='ltr'>calculo</span> <span class='ocrx_word' id='word_1_256' title='bbox 689 2412 762 2446; x_wconf 77' lang='lat' dir='ltr'>mraxime</span> <span class='ocrx_word' id='word_1_257' title='bbox 774 2425 803 2446; x_wconf 63' lang='lat' dir='ltr'>‹rs-⁴</span> <span class='ocrx_word' id='word_1_258' title='bbox 829 2430 831 2432; x_wconf 97' lang='lat'>·</span> 
     </span>
    </p>
   </div>
   <div class='ocr_carea' id='block_1_13' title="bbox 117 2464 862 2516">
    <p class='ocr_par' dir='ltr' id='par_1_15' title="bbox 117 2464 862 2516">
     <span class='ocr_line' id='line_1_32' title="bbox 117 2464 862 2516; baseline -0.003 -12"><span class='ocrx_word' id='word_1_259' title='bbox 117 2469 196 2504; x_wconf 82' lang='lat' dir='ltr'>sentitur.</span> <span class='ocrx_word' id='word_1_260' title='bbox 215 2470 292 2516; x_wconf 83' lang='lat' dir='ltr'>Tempus</span> <span class='ocrx_word' id='word_1_261' title='bbox 300 2483 341 2503; x_wconf 83' lang='lat' dir='ltr'>vero</span> <span class='ocrx_word' id='word_1_262' title='bbox 350 2482 384 2516; x_wconf 87' lang='lat' dir='ltr'>quo</span> <span class='ocrx_word' id='word_1_263' title='bbox 393 2469 456 2505; x_wconf 79' lang='lat' dir='ltr'>Ninive</span> <span class='ocrx_word' id='word_1_264' title='bbox 464 2469 486 2503; x_wconf 87' lang='lat' dir='ltr'>sit</span> <span class='ocrx_word' id='word_1_265' title='bbox 494 2469 579 2502; x_wconf 82' lang='lat' dir='ltr'>destructa</span> <span class='ocrx_word' id='word_1_266' title='bbox 589 2467 641 2511; x_wconf 76' lang='lat' dir='ltr'>vulgo</span> <span class='ocrx_word' id='word_1_267' title='bbox 648 2464 734 2502; x_wconf 81' lang='lat' dir='ltr'>iudicatur</span> <span class='ocrx_word' id='word_1_268' title='bbox 745 2481 799 2502; x_wconf 81' lang='lat' dir='ltr'>annus</span> <span class='ocrx_word' id='word_1_269' title='bbox 852 2465 862 2468; x_wconf 64' lang='grc'><strong><em>’</em></strong></span> 
     </span>
    </p>
   </div>
   <div class='ocr_carea' id='block_1_14' title="bbox 117 2517 800 2571">
    <p class='ocr_par' dir='ltr' id='par_1_16' title="bbox 117 2517 800 2571">
     <span class='ocr_line' id='line_1_33' title="bbox 117 2517 800 2571; baseline -0.006 -9"><span class='ocrx_word' id='word_1_270' title='bbox 117 2525 160 2567; x_wconf 82' lang='grc'>625,</span> <span class='ocrx_word' id='word_1_271' title='bbox 177 2526 199 2570; x_wconf 81' lang='lat' dir='ltr'>cf.</span> <span class='ocrx_word' id='word_1_272' title='bbox 211 2525 256 2559; x_wconf 77' lang='lat' dir='ltr'>infra</span> <span class='ocrx_word' id='word_1_273' title='bbox 267 2526 367 2559; x_wconf 81' lang='lat' dir='ltr'>vaticinium</span> <span class='ocrx_word' id='word_1_274' title='bbox 379 2526 405 2568; x_wconf 84' lang='lat' dir='ltr'>ll,</span> <span class='ocrx_word' id='word_1_275' title='bbox 417 2525 501 2568; x_wconf 80' lang='lat'><strong>13—15;</strong></span> <span class='ocrx_word' id='word_1_276' title='bbox 512 2538 574 2559; x_wconf 86' lang='lat' dir='ltr'>verum</span> <span class='ocrx_word' id='word_1_277' title='bbox 585 2517 692 2559; x_wconf 72' lang='lat' dir='ltr'>Herodotus</span> <span class='ocrx_word' id='word_1_278' title='bbox 704 2525 756 2558; x_wconf 82' lang='lat' dir='ltr'>docet</span> <span class='ocrx_word' id='word_1_279' title='bbox 768 2538 800 2571; x_wconf 86' lang='lat' dir='ltr'>op—</span> 
     </span>
    </p>
   </div>
   <div class='ocr_carea' id='block_1_15' title="bbox 116 2580 882 2629">
    <p class='ocr_par' dir='ltr' id='par_1_17' title="bbox 116 2580 882 2629">
     <span class='ocr_line' id='line_1_34' title="bbox 116 2580 882 2629; baseline -0.001 -12"><span class='ocrx_word' id='word_1_280' title='bbox 116 2582 240 2629; x_wconf 80' lang='lat' dir='ltr'>pugnationem</span> <span class='ocrx_word' id='word_1_281' title='bbox 258 2582 305 2616; x_wconf 83' lang='lat' dir='ltr'>urbis</span> <span class='ocrx_word' id='word_1_282' title='bbox 323 2582 375 2617; x_wconf 78' lang='lat' dir='ltr'>fuisse</span> <span class='ocrx_word' id='word_1_283' title='bbox 393 2583 438 2617; x_wconf 82' lang='lat' dir='ltr'>circa</span> <span class='ocrx_word' id='word_1_284' title='bbox 453 2596 468 2616; x_wconf 75' lang='lat' dir='ltr'>a.</span> <span class='ocrx_word' id='word_1_285' title='bbox 482 2582 517 2619; x_wconf 82' lang='lat'>630</span> <span class='ocrx_word' id='word_1_286' title='bbox 534 2580 602 2628; x_wconf 83' lang='lat' dir='ltr'>Scythis</span> <span class='ocrx_word' id='word_1_287' title='bbox 618 2581 801 2628; x_wconf 82' lang='lat' dir='ltr'>appropinquantibus,</span> <span class='ocrx_word' id='word_1_288' title='bbox 846 2624 847 2627; x_wconf 11' lang='grc' dir='ltr'><strong>Ἴ</strong></span> <span class='ocrx_word' id='word_1_289' title='bbox 881 2580 882 2584; x_wconf 61' lang='grc'>’</span> 
     </span>
    </p>
   </div>
   <div class='ocr_carea' id='block_1_16' title="bbox 115 2638 853 2732">
    <p class='ocr_par' dir='ltr' id='par_1_18' title="bbox 115 2638 853 2732">
     <span class='ocr_line' id='line_1_35' title="bbox 116 2638 852 2686; baseline 0.001 -13"><span class='ocrx_word' id='word_1_290' title='bbox 116 2640 259 2685; x_wconf 81' lang='lat' dir='ltr'>expuguationem</span> <span class='ocrx_word' id='word_1_291' title='bbox 274 2651 316 2672; x_wconf 87' lang='lat' dir='ltr'>vero</span> <span class='ocrx_word' id='word_1_292' title='bbox 331 2647 382 2685; x_wconf 83' lang='lat' dir='ltr'>atque</span> <span class='ocrx_word' id='word_1_293' title='bbox 400 2639 508 2674; x_wconf 82' lang='lat' dir='ltr'>eversionem</span> <span class='ocrx_word' id='word_1_294' title='bbox 520 2652 530 2672; x_wconf 89' lang='lat' dir='ltr'>a</span> <span class='ocrx_word' id='word_1_295' title='bbox 542 2638 617 2685; x_wconf 80' lang='lat' dir='ltr'>Cyaxare</span> <span class='ocrx_word' id='word_1_296' title='bbox 629 2647 680 2684; x_wconf 81' lang='lat' dir='ltr'>atque</span> <span class='ocrx_word' id='word_1_297' title='bbox 693 2639 801 2686; x_wconf 78' lang='lat' dir='ltr'>Nahopolas·</span> <span class='ocrx_word' id='word_1_298' title='bbox 848 2652 852 2669; x_wconf 67' lang='lat'>1</span> 
     </span>
     <span class='ocr_line' id='line_1_36' title="bbox 115 2690 853 2732; baseline 0 -2"><span class='ocrx_word' id='word_1_299' title='bbox 115 2700 152 2730; x_wconf 69' lang='lat' dir='ltr'>aare</span> <span class='ocrx_word' id='word_1_300' title='bbox 165 2710 178 2730; x_wconf 88' lang='lat' dir='ltr'>c.</span> <span class='ocrx_word' id='word_1_301' title='bbox 190 2708 254 2730; x_wconf 81' lang='lat' dir='ltr'>aunum</span> <span class='ocrx_word' id='word_1_302' title='bbox 265 2694 300 2732; x_wconf 81' lang='grc'>605</span> <span class='ocrx_word' id='word_1_303' title='bbox 310 2696 373 2730; x_wconf 76' lang='lat' dir='ltr'>factam</span> <span class='ocrx_word' id='word_1_304' title='bbox 385 2709 426 2731; x_wconf 79' lang='lat' dir='ltr'>esse.</span> <span class='ocrx_word' id='word_1_305' title='bbox 440 2690 442 2693; x_wconf 35' lang='lat'>⁵</span> <span class='ocrx_word' id='word_1_306' title='bbox 852 2691 853 2695; x_wconf 31' lang='lat'>¹</span> 
     </span>
    </p>
   </div>
   <div class='ocr_carea' id='block_1_17' title="bbox 0 0 901 3089">
    <p class='ocr_par' dir='ltr' id='par_1_19' title="bbox 0 0 901 3089">
     <span class='ocr_line' id='line_1_37' title="bbox 0 0 901 3089; baseline 0 0"><span class='ocrx_word' id='word_1_307' title='bbox 0 0 901 3089; x_wconf 95' lang='lat' dir='ltr'> </span> 
     </span>
    </p>
   </div>
  </div>
 </body>
</html>
