1792 3089
139 151 181 198 '116
234 191 237 195 ,
378 150 421 186 cip.
433 151 466 193 nr,
478 163 494 185 v.
506 150 587 187 n-aa

142 255 240 298 serrimus
255 256 327 310 populi
342 256 448 298 lsraelitici
462 259 527 297 status
542 256 660 309 gravissima
674 255 712 295 suit
725 258 822 308 peccato·
852 246 854 250 ⁸

142 344 187 371 rum
202 329 316 383 accusatio,
335 330 362 371 ita
377 343 454 371 summa
468 329 554 370 felicitas
569 329 695 370 certissimus
712 331 743 369 est
757 327 821 377 testis,

142 403 233 457 probans
252 403 379 444 sanctitatem
396 402 461 454 vitae,
480 406 555 443 statum
569 399 674 455 ἐκλογῗς,
692 405 776 455 peccata
791 414 823 440 re·
853 421 854 424 ¹

142 480 203 518 mota.
233 475 397 528 Descriptionem
412 476 464 516 lianc
478 475 579 516 felicitatis
595 475 655 515 etiarn
669 477 698 526 ΙΙ,
715 476 727 515 7
743 474 823 514 obviam

143 550 169 590 cf.
184 548 245 590 Mieh.
254 550 302 599 Vll,
318 548 351 589 14.
373 548 497 599 PsXXlll,
512 549 532 588 1.
548 571 574 579 -
589 548 716 598 Terrentem
731 548 823 601 quinon

143 621 230 674 amplius
245 627 306 661 vexet
320 621 425 674 populum,
442 620 531 662 Mamer
542 619 636 673 inteiligit
647 620 751 674 principes
763 626 824 674 atque

143 695 221 735 indices
236 694 325 747 iniquos,
340 695 451 747 prophetas
462 694 604 734 fraudulentos
617 697 637 734 et
647 693 765 734 sacerdotes
776 705 824 745 per-

144 768 207 819 fidos,
226 781 289 820 supra
307 767 434 815 nominatos3
455 768 469 807 ii
487 781 538 808 vero
556 766 623 807 minus
642 767 751 819 vituperati
770 770 824 815 sunt,

145 840 243 895 quoniam
256 839 337 892 plebem
351 824 464 891 venerant,¹
477 854 537 894 quam
552 840 647 893 quoniam
663 853 675 879 a
690 840 729 879 deo
745 839 824 879 defece-

146 918 202 962 rant,
224 913 299 953 deiude
319 926 390 953 omnes
409 926 462 966 quos
480 913 575 953 vaticinia
595 916 666 952 nostra
685 912 759 950 minata
777 914 825 951 sunt

146 990 237 1026 terrores
252 997 294 1024 nou
310 996 321 1024 a
334 984 468 1037 principibus,
484 985 520 1025 sed
534 984 559 1024 ab
573 984 666 1024 hostibus
682 983 771 1024 externis
786 996 825 1036 po-

145 1057 196 1111 pulo
211 1056 309 1097 afferendi
324 1061 386 1097 erant.
411 1058 480 1107 Quare
496 1056 513 1097 si
527 1056 623 1097 terrentis
637 1057 695 1097 notio
711 1056 825 1097 definienda

147 1137 212 1180 esset,
230 1129 294 1182 magis
313 1129 473 1182 oppressoribus
492 1129 581 1170 externis
597 1143 657 1184 quam
674 1130 759 1170 internis
775 1143 825 1170 con-

146 1203 232 1253 veniret,
246 1202 356 1255 praecipue
371 1216 434 1256 quum
448 1216 491 1243 non
505 1202 593 1256 plebem,
608 1203 680 1255 populi
690 1207 774 1256 partem,
788 1203 826 1244 sed

146 1275 247 1329 populum
260 1279 327 1316 totum
342 1276 486 1328 compellatum
501 1289 547 1317 esse
562 1276 774 1317 demonstraverimus.
799 1277 827 1317 At

146 1349 175 1390 ibi
190 1361 273 1403 quoqne
287 1348 392 1388 indefinita
406 1361 449 1390 uon
458 1349 576 1396 definimus;
592 1348 720 1390 felicissimae
727 1348 826 1401 temporis

147 1421 266 1463 Messianici
279 1421 341 1461 aetati
355 1421 422 1461 omnis
437 1422 521 1462 omnino
535 1426 604 1461 terror
611 1422 707 1474 repulsus
715 1426 755 1470 est;
770 1422 826 1462 cives
865 1423 866 1426 ’

149 1494 204 1535 enim
219 1506 290 1534 omnes
306 1498 353 1534 sunt
362 1494 397 1547 pii,
413 1494 488 1534 sinceri
497 1494 554 1547 regni
565 1493 627 1534 divini
636 1494 701 1543 cives3
717 1494 752 1548 qui
761 1507 835 1549 quon-t

150 1567 196 1607 darn
210 1568 280 1608 hostes
295 1567 380 1618 fuerant,
396 1567 456 1607 iidem
471 1567 491 1606 in
507 1566 539 1606 dei
554 1566 650 1621 reliquias
664 1567 763 1608 beneficia
777 1580 827 1608 con-

147 1640 202 1680 ferre
217 1651 296 1680 summo
311 1639 379 1680 studio
395 1643 478 1680 certant.
827 1626 829 1628 .

423 1783 442 1810 v.
458 1771 557 1811 tal-20.

192 1858 250 1908 Quae
269 1858 325 1900 salus
344 1863 398 1900 tanta
414 1863 455 1909 est,
473 1863 496 1899 ut
512 1862 569 1900 vates
583 1863 711 1912 praesentem
726 1873 769 1900 eam
784 1874 829 1902 cer-

149 1943 212 1981 nens,
228 1931 289 1971 Zioni
304 1933 392 1972 carmine
407 1931 505 1973 iubilante
519 1932 638 1986 gratuletur,
664 1933 770 1986 ranegias
784 1933 829 1987 opi:

145 2008 214 2054 natur,
230 2009 353 2057 postremam
367 2006 420 2045 lianc
433 2005 522 2046 vaticinii
537 2009 614 2058 partem
629 2006 692 2046 multo
707 2010 756 2059 post
769 2019 829 2059 prae-

148 2077 254 2117 cedentem
264 2078 336 2119 editam
346 2092 397 2120 esse.
421 2078 449 2120 At
459 2078 548 2120 alciora·
561 2079 600 2118 iam
613 2079 666 2119 bene
676 2079 827 2132 demonstravit,

148 2154 268 2202 argumenta
283 2151 326 2191 eius
341 2152 404 2205 magis
417 2151 483 2193 videri
498 2153 523 2192 ad
538 2152 656 2192 firmandam
676 2153 719 2193 eius
735 2154 760 2193 de
777 2153 829 2207 Scy-

148 2224 188 2264 this
203 2223 324 2264 sententiam
339 2224 421 2265 inventa
436 2238 487 2276 esse,
504 2238 564 2278 qnam
580 2239 604 2265 ex
619 2226 765 2266 sententiarum
774 2240 829 2267 nexu

148 2295 205 2337 ultro
224 2309 247 2337 se
266 2296 371 2339 obtulisse.
401 2299 456 2350 Quid
471 2298 525 2339 enim
539 2298 606 2352 aptius
622 2298 692 2339 salutis
708 2299 828 2352 descriptio-

148 2382 206 2420 nem,
224 2383 284 2423 quam
299 2383 310 2410 a
326 2370 364 2411 deo
380 2372 489 2413 revelatam
505 2385 551 2413 esse
566 2376 622 2412 vates
636 2385 659 2411 re
673 2385 722 2412 vera
737 2373 829 2424 credidit,

148 2441 198 2496 qnid
207 2454 251 2482 earn
260 2443 327 2495 aptius
337 2450 439 2498 sequatur,
456 2459 514 2499 quam
524 2445 594 2485 Ziouis
602 2444 731 2486 beatissimae
743 2446 769 2486 ad
782 2459 829 2499 gra-

148 2515 221 2555 tiarum
240 2515 342 2556 actionem
360 2519 490 2571 provocatio!
517 2518 598 2559 Deinde
618 2518 674 2571 quod
688 2519 768 2560 hostem
787 2533 829 2561 non

147 2588 233 2641 amplius
251 2590 390 2644 propinquum
408 2593 506 2643 minetur,
526 2592 562 2632 sed
581 2596 717 2633 revertentem
732 2605 778 2632 eum
793 2593 829 2633 de-

145 2661 226 2714 scribat,
242 2664 293 2704 tiaris
308 2665 377 2706 verbis
386 2667 459 2712 ‚inesse
473 2666 550 2720 nequit,
566 2680 629 2720 quum
643 2666 758 2720 praeteritis
773 2679 791 2708 v.
801 2666 827 2707 15
