<?xml version="1.0" encoding="UTF-8"?>
<!DOCTYPE html PUBLIC "-//W3C//DTD XHTML 1.0 Transitional//EN"
    "http://www.w3.org/TR/xhtml1/DTD/xhtml1-transitional.dtd">
<html xmlns="http://www.w3.org/1999/xhtml" xml:lang="en" lang="en">
 <head>
  <title>
</title>
<meta http-equiv="Content-Type" content="text/html;charset=utf-8" />
  <meta name='ocr-system' content='tesseract 3.04.00' />
  <meta name='ocr-capabilities' content='ocr_page ocr_carea ocr_par ocr_line ocrx_word'/>
</head>
<body>
  <div class='ocr_page' id='page_1' title='image "MN41908ucmf_1_0025.png"; bbox 0 0 1792 3089; ppageno 0'>
   <div class='ocr_carea' id='block_1_1' title="bbox 352 180 767 220">
    <p class='ocr_par' dir='ltr' id='par_1_1' title="bbox 352 180 767 220">
     <span class='ocr_line' id='line_1_1' title="bbox 352 180 767 220; baseline 0.014 -6"><span class='ocrx_word' id='word_1_1' title='bbox 352 180 499 214; x_wconf 72' lang='lat' dir='ltr'>Psomeonmr.</span> <span class='ocrx_word' id='word_1_2' title='bbox 744 193 767 220; x_wconf 78' lang='lat' dir='ltr'>rx</span> 
     </span>
    </p>
   </div>
   <div class='ocr_carea' id='block_1_2' title="bbox 62 283 829 779">
    <p class='ocr_par' dir='ltr' id='par_1_2' title="bbox 62 283 829 779">
     <span class='ocr_line' id='line_1_2' title="bbox 89 283 767 339; baseline -0.01 -10"><span class='ocrx_word' id='word_1_3' title='bbox 89 292 136 330; x_wconf 89' lang='lat' dir='ltr'>sunt</span> <span class='ocrx_word' id='word_1_4' title='bbox 150 287 262 328; x_wconf 88' lang='lat' dir='ltr'>secundum</span> <span class='ocrx_word' id='word_1_5' title='bbox 276 285 301 325; x_wconf 66' lang='lat' dir='ltr'>&#39;id</span> <span class='ocrx_word' id='word_1_6' title='bbox 319 285 375 338; x_wconf 92' lang='lat' dir='ltr'>quod</span> <span class='ocrx_word' id='word_1_7' title='bbox 392 285 485 339; x_wconf 81' lang='lat' dir='ltr'>sequitur</span> <span class='ocrx_word' id='word_1_8' title='bbox 504 283 665 325; x_wconf 84' lang='lat' dir='ltr'>sacrificulorum</span> <span class='ocrx_word' id='word_1_9' title='bbox 680 296 767 329; x_wconf 72' lang='lat' dir='ltr'>nomen⁷</span> 
     </span>
     <span class='ocr_line' id='line_1_3' title="bbox 88 357 768 418; baseline -0.006 -17"><span class='ocrx_word' id='word_1_10' title='bbox 88 365 112 401; x_wconf 92' lang='lat' dir='ltr'>ut</span> <span class='ocrx_word' id='word_1_11' title='bbox 129 361 163 401; x_wconf 88' lang='lat' dir='ltr'>vel</span> <span class='ocrx_word' id='word_1_12' title='bbox 178 372 255 400; x_wconf 87' lang='lat' dir='ltr'>nomen</span> <span class='ocrx_word' id='word_1_13' title='bbox 273 372 345 417; x_wconf 86' lang='lat' dir='ltr'>eorum</span> <span class='ocrx_word' id='word_1_14' title='bbox 364 358 499 399; x_wconf 83' lang='lat' dir='ltr'>excidendum</span> <span class='ocrx_word' id='word_1_15' title='bbox 518 360 558 407; x_wconf 75' lang='lat' dir='ltr'>est,</span> <span class='ocrx_word' id='word_1_16' title='bbox 577 357 604 396; x_wconf 91' lang='lat' dir='ltr'>ita</span> <span class='ocrx_word' id='word_1_17' title='bbox 618 357 651 397; x_wconf 93' lang='lat' dir='ltr'>vel</span> <span class='ocrx_word' id='word_1_18' title='bbox 669 357 768 418; x_wconf 86' lang='lat' dir='ltr'>reliquiae</span> 
     </span>
     <span class='ocr_line' id='line_1_4' title="bbox 62 430 769 482; baseline -0.006 -8"><span class='ocrx_word' id='word_1_19' title='bbox 62 438 65 444; x_wconf 86' lang='lat'><em>&#39;</em></span> <span class='ocrx_word' id='word_1_20' title='bbox 90 434 164 474; x_wconf 86' lang='lat' dir='ltr'>Baalis.</span> <span class='ocrx_word' id='word_1_21' title='bbox 197 432 239 473; x_wconf 88' lang='lat' dir='ltr'>Vix</span> <span class='ocrx_word' id='word_1_22' title='bbox 257 432 310 472; x_wconf 87' lang='lat' dir='ltr'>euim</span> <span class='ocrx_word' id='word_1_23' title='bbox 329 431 453 471; x_wconf 88' lang='lat' dir='ltr'>credendum</span> <span class='ocrx_word' id='word_1_24' title='bbox 473 433 503 471; x_wconf 85' lang='lat' dir='ltr'>est</span> <span class='ocrx_word' id='word_1_25' title='bbox 522 433 583 482; x_wconf 87' lang='lat' dir='ltr'>atque</span> <span class='ocrx_word' id='word_1_26' title='bbox 601 430 679 470; x_wconf 80' lang='lat' dir='ltr'>recedit</span> <span class='ocrx_word' id='word_1_27' title='bbox 697 430 769 471; x_wconf 40' lang='lat' dir='ltr'>avnl*</span> 
     </span>
     <span class='ocr_line' id='line_1_5' title="bbox 90 496 769 559; baseline -0.003 -13"><span class='ocrx_word' id='word_1_28' title='bbox 90 506 133 559; x_wconf 82' lang='lat' dir='ltr'>gari</span> <span class='ocrx_word' id='word_1_29' title='bbox 151 510 219 546; x_wconf 87' lang='lat' dir='ltr'>vatum</span> <span class='ocrx_word' id='word_1_30' title='bbox 238 504 397 554; x_wconf 80' lang='lat' dir='ltr'>consuetudine,</span> <span class='ocrx_word' id='word_1_31' title='bbox 415 504 483 556; x_wconf 85' lang='lat' dir='ltr'>ipsum</span> <span class='ocrx_word' id='word_1_32' title='bbox 497 496 597 542; x_wconf 86' lang='lat' dir='ltr'>minarum</span> <span class='ocrx_word' id='word_1_33' title='bbox 615 502 693 542; x_wconf 87' lang='lat' dir='ltr'>initium</span> <span class='ocrx_word' id='word_1_34' title='bbox 708 517 769 544; x_wconf 87' lang='lat' dir='ltr'>accu-</span> 
     </span>
     <span class='ocr_line' id='line_1_6' title="bbox 91 575 770 635; baseline -0.006 -14"><span class='ocrx_word' id='word_1_35' title='bbox 91 581 190 621; x_wconf 74' lang='lat' dir='ltr'>sationem</span> <span class='ocrx_word' id='word_1_36' title='bbox 209 578 360 635; x_wconf 87' lang='lat' dir='ltr'>quodammodo</span> <span class='ocrx_word' id='word_1_37' title='bbox 380 578 482 629; x_wconf 79' lang='lat' dir='ltr'>mitigare,</span> <span class='ocrx_word' id='word_1_38' title='bbox 502 589 564 629; x_wconf 87' lang='lat' dir='ltr'>quum</span> <span class='ocrx_word' id='word_1_39' title='bbox 579 575 677 629; x_wconf 79' lang='lat' dir='ltr'>reliquiae</span> <span class='ocrx_word' id='word_1_40' title='bbox 692 580 770 617; x_wconf 86' lang='lat' dir='ltr'>tantum</span> 
     </span>
     <span class='ocr_line' id='line_1_7' title="bbox 91 641 829 705; baseline -0.005 -12"><span class='ocrx_word' id='word_1_41' title='bbox 91 665 200 705; x_wconf 76' lang='lat' dir='ltr'>superesse</span> <span class='ocrx_word' id='word_1_42' title='bbox 210 652 308 691; x_wconf 89' lang='lat' dir='ltr'>dicantur.</span> <span class='ocrx_word' id='word_1_43' title='bbox 327 649 407 690; x_wconf 83' lang='lat' dir='ltr'>Deinde</span> <span class='ocrx_word' id='word_1_44' title='bbox 414 652 462 702; x_wconf 89' lang='lat' dir='ltr'>post</span> <span class='ocrx_word' id='word_1_45' title='bbox 471 648 599 701; x_wconf 79' lang='lat' dir='ltr'>magnificum</span> <span class='ocrx_word' id='word_1_46' title='bbox 608 648 699 690; x_wconf 79' lang='lat' dir='ltr'>vaticinii</span> <span class='ocrx_word' id='word_1_47' title='bbox 708 663 769 690; x_wconf 85' lang='lat' dir='ltr'>exor-</span> <span class='ocrx_word' id='word_1_48' title='bbox 828 641 829 644; x_wconf 28' lang='lat'>¹</span> 
     </span>
     <span class='ocr_line' id='line_1_8' title="bbox 92 722 770 779; baseline 0.003 -17"><span class='ocrx_word' id='word_1_49' title='bbox 92 726 146 766; x_wconf 89' lang='lat' dir='ltr'>dium</span> <span class='ocrx_word' id='word_1_50' title='bbox 162 724 211 779; x_wconf 89' lang='lat' dir='ltr'>qnid</span> <span class='ocrx_word' id='word_1_51' title='bbox 225 723 307 764; x_wconf 86' lang='lat' dir='ltr'>mollins</span> <span class='ocrx_word' id='word_1_52' title='bbox 326 723 430 776; x_wconf 78' lang='lat' dir='ltr'>magisque</span> <span class='ocrx_word' id='word_1_53' title='bbox 450 722 568 775; x_wconf 80' lang='lat' dir='ltr'>languidum</span> <span class='ocrx_word' id='word_1_54' title='bbox 583 736 644 776; x_wconf 90' lang='lat' dir='ltr'>quam</span> <span class='ocrx_word' id='word_1_55' title='bbox 658 722 710 763; x_wconf 90' lang='lat' dir='ltr'>fines</span> <span class='ocrx_word' id='word_1_56' title='bbox 724 723 770 764; x_wconf 90' lang='lat' dir='ltr'>ido-</span> 
     </span>
    </p>
   </div>
   <div class='ocr_carea' id='block_1_3' title="bbox 91 793 832 850">
    <p class='ocr_par' dir='ltr' id='par_1_3' title="bbox 91 793 832 850">
     <span class='ocr_line' id='line_1_9' title="bbox 91 793 832 850; baseline -0.003 -11"><span class='ocrx_word' id='word_1_57' title='bbox 91 798 184 839; x_wconf 86' lang='lat' dir='ltr'>lolatriae</span> <span class='ocrx_word' id='word_1_58' title='bbox 197 797 282 850; x_wconf 78' lang='lat' dir='ltr'>angusti,</span> <span class='ocrx_word' id='word_1_59' title='bbox 298 795 347 850; x_wconf 88' lang='lat' dir='ltr'>quid</span> <span class='ocrx_word' id='word_1_60' title='bbox 361 796 427 848; x_wconf 88' lang='lat' dir='ltr'>aptius</span> <span class='ocrx_word' id='word_1_61' title='bbox 443 809 503 849; x_wconf 87' lang='lat' dir='ltr'>qnam</span> <span class='ocrx_word' id='word_1_62' title='bbox 518 796 625 837; x_wconf 73' lang='lat' dir='ltr'>exstinctio</span> <span class='ocrx_word' id='word_1_63' title='bbox 640 797 693 847; x_wconf 81' lang='lat' dir='ltr'>talis,</span> <span class='ocrx_word' id='word_1_64' title='bbox 708 801 771 838; x_wconf 87' lang='lat' dir='ltr'>utne</span> <span class='ocrx_word' id='word_1_65' title='bbox 830 793 832 796; x_wconf 46' lang='lat'><em>⁴</em></span> 
     </span>
    </p>
   </div>
   <div class='ocr_carea' id='block_1_4' title="bbox 34 856 837 2744">
    <p class='ocr_par' dir='ltr' id='par_1_4' title="bbox 92 856 834 1142">
     <span class='ocr_line' id='line_1_10' title="bbox 92 856 834 924; baseline -0.003 -12"><span class='ocrx_word' id='word_1_66' title='bbox 92 871 177 923; x_wconf 81' lang='lat' dir='ltr'>vestigia</span> <span class='ocrx_word' id='word_1_67' title='bbox 192 870 273 924; x_wconf 88' lang='lat' dir='ltr'>quidem</span> <span class='ocrx_word' id='word_1_68' title='bbox 287 869 327 909; x_wconf 89' lang='lat' dir='ltr'>sint</span> <span class='ocrx_word' id='word_1_69' title='bbox 341 869 430 922; x_wconf 84' lang='lat' dir='ltr'>reliqua!</span> <span class='ocrx_word' id='word_1_70' title='bbox 459 871 512 910; x_wconf 86' lang='lat' dir='ltr'>Tum</span> <span class='ocrx_word' id='word_1_71' title='bbox 528 883 579 923; x_wconf 87' lang='lat' dir='ltr'>quae</span> <span class='ocrx_word' id='word_1_72' title='bbox 595 871 688 923; x_wconf 81' lang='lat' dir='ltr'>seqnitur</span> <span class='ocrx_word' id='word_1_73' title='bbox 702 870 771 910; x_wconf 85' lang='lat' dir='ltr'>idolo·</span> <span class='ocrx_word' id='word_1_74' title='bbox 832 856 834 859; x_wconf 27' lang='grc' dir='ltr'>Ι</span> 
     </span>
     <span class='ocr_line' id='line_1_11' title="bbox 92 941 772 996; baseline -0.003 -11"><span class='ocrx_word' id='word_1_75' title='bbox 92 945 190 985; x_wconf 89' lang='lat' dir='ltr'>latrarum</span> <span class='ocrx_word' id='word_1_76' title='bbox 199 942 312 994; x_wconf 75' lang='lat' dir='ltr'>increpatio</span> <span class='ocrx_word' id='word_1_77' title='bbox 323 954 366 981; x_wconf 87' lang='lat' dir='ltr'>uon</span> <span class='ocrx_word' id='word_1_78' title='bbox 379 941 476 994; x_wconf 79' lang='lat' dir='ltr'>reliquias</span> <span class='ocrx_word' id='word_1_79' title='bbox 492 946 570 983; x_wconf 88' lang='lat' dir='ltr'>tantum</span> <span class='ocrx_word' id='word_1_80' title='bbox 583 943 620 983; x_wconf 88' lang='lat' dir='ltr'>sed</span> <span class='ocrx_word' id='word_1_81' title='bbox 634 947 726 996; x_wconf 89' lang='lat' dir='ltr'>apertum</span> <span class='ocrx_word' id='word_1_82' title='bbox 741 944 772 983; x_wconf 87' lang='lat' dir='ltr'>in-</span> 
     </span>
     <span class='ocr_line' id='line_1_12' title="bbox 94 1014 825 1068; baseline -0.004 -11"><span class='ocrx_word' id='word_1_83' title='bbox 94 1017 147 1057; x_wconf 89' lang='lat' dir='ltr'>dicat</span> <span class='ocrx_word' id='word_1_84' title='bbox 164 1016 268 1056; x_wconf 88' lang='lat' dir='ltr'>idolorum</span> <span class='ocrx_word' id='word_1_85' title='bbox 286 1014 368 1055; x_wconf 88' lang='lat' dir='ltr'>cultum.</span> <span class='ocrx_word' id='word_1_86' title='bbox 398 1014 430 1054; x_wconf 82' lang='lat' dir='ltr'>Ex</span> <span class='ocrx_word' id='word_1_87' title='bbox 447 1015 477 1055; x_wconf 83' lang='lat' dir='ltr'>his</span> <span class='ocrx_word' id='word_1_88' title='bbox 495 1015 557 1068; x_wconf 78' lang='lat' dir='ltr'>igitur</span> <span class='ocrx_word' id='word_1_89' title='bbox 571 1015 640 1055; x_wconf 89' lang='lat' dir='ltr'>verbis</span> <span class='ocrx_word' id='word_1_90' title='bbox 654 1015 705 1055; x_wconf 86' lang='lat' dir='ltr'>nihil</span> <span class='ocrx_word' id='word_1_91' title='bbox 718 1015 773 1055; x_wconf 86' lang='lat' dir='ltr'>aliud</span> <span class='ocrx_word' id='word_1_92' title='bbox 823 1043 825 1046; x_wconf 29' lang='grc' dir='ltr'><em>ψ</em></span> 
     </span>
     <span class='ocr_line' id='line_1_13' title="bbox 94 1086 775 1142; baseline -0.003 -12"><span class='ocrx_word' id='word_1_93' title='bbox 94 1089 191 1131; x_wconf 87' lang='lat' dir='ltr'>concludi</span> <span class='ocrx_word' id='word_1_94' title='bbox 207 1092 276 1142; x_wconf 89' lang='lat' dir='ltr'>potest</span> <span class='ocrx_word' id='word_1_95' title='bbox 293 1101 353 1140; x_wconf 86' lang='lat' dir='ltr'>quam</span> <span class='ocrx_word' id='word_1_96' title='bbox 371 1086 461 1140; x_wconf 77' lang='lat' dir='ltr'>viguisse</span> <span class='ocrx_word' id='word_1_97' title='bbox 480 1087 548 1128; x_wconf 84' lang='lat' dir='ltr'>Baalis</span> <span class='ocrx_word' id='word_1_98' title='bbox 569 1087 652 1128; x_wconf 85' lang='lat' dir='ltr'>cultum.</span> <span class='ocrx_word' id='word_1_99' title='bbox 686 1089 709 1140; x_wconf 81' lang='lat'>2)</span> <span class='ocrx_word' id='word_1_100' title='bbox 727 1089 775 1128; x_wconf 85' lang='lat' dir='ltr'>Filii</span> 
     </span>
    </p>

    <p class='ocr_par' dir='ltr' id='par_1_5' title="bbox 94 1159 773 1216">
     <span class='ocr_line' id='line_1_14' title="bbox 94 1159 773 1216; baseline 0 -13"><span class='ocrx_word' id='word_1_101' title='bbox 94 1163 149 1216; x_wconf 82' lang='lat' dir='ltr'>regis</span> <span class='ocrx_word' id='word_1_102' title='bbox 163 1159 219 1211; x_wconf 60' lang='lat' dir='ltr'>aton</span> <span class='ocrx_word' id='word_1_103' title='bbox 235 1173 267 1201; x_wconf 60' lang='lat' dir='ltr'>aa:</span> <span class='ocrx_word' id='word_1_104' title='bbox 286 1165 332 1201; x_wconf 90' lang='lat' dir='ltr'>ante</span> <span class='ocrx_word' id='word_1_105' title='bbox 347 1161 401 1200; x_wconf 88' lang='lat' dir='ltr'>hune</span> <span class='ocrx_word' id='word_1_106' title='bbox 418 1161 527 1201; x_wconf 87' lang='lat' dir='ltr'>terminum</span> <span class='ocrx_word' id='word_1_107' title='bbox 542 1161 615 1214; x_wconf 89' lang='lat' dir='ltr'>impios</span> <span class='ocrx_word' id='word_1_108' title='bbox 630 1164 691 1215; x_wconf 86' lang='lat' dir='ltr'>atque</span> <span class='ocrx_word' id='word_1_109' title='bbox 706 1162 773 1203; x_wconf 87' lang='lat' dir='ltr'>idolo-</span> 
     </span>
    </p>

    <p class='ocr_par' dir='ltr' id='par_1_6' title="bbox 95 1233 773 1294">
     <span class='ocr_line' id='line_1_15' title="bbox 95 1233 773 1294; baseline 0 -18"><span class='ocrx_word' id='word_1_110' title='bbox 95 1250 140 1294; x_wconf 85' lang='lat' dir='ltr'>rum</span> <span class='ocrx_word' id='word_1_111' title='bbox 158 1234 222 1275; x_wconf 89' lang='lat' dir='ltr'>cultui</span> <span class='ocrx_word' id='word_1_112' title='bbox 240 1233 319 1273; x_wconf 88' lang='lat' dir='ltr'>deditos</span> <span class='ocrx_word' id='word_1_113' title='bbox 335 1233 429 1285; x_wconf 81' lang='lat' dir='ltr'>castigari</span> <span class='ocrx_word' id='word_1_114' title='bbox 443 1247 486 1274; x_wconf 88' lang='lat' dir='ltr'>uon</span> <span class='ocrx_word' id='word_1_115' title='bbox 500 1247 563 1286; x_wconf 87' lang='lat' dir='ltr'>posse</span> <span class='ocrx_word' id='word_1_116' title='bbox 578 1236 597 1285; x_wconf 72' lang='lat' dir='ltr'>l⁷</span> <span class='ocrx_word' id='word_1_117' title='bbox 613 1234 636 1282; x_wconf 69' lang='lat'>83</span> <span class='ocrx_word' id='word_1_118' title='bbox 657 1235 713 1288; x_wconf 90' lang='lat' dir='ltr'>quod</span> <span class='ocrx_word' id='word_1_119' title='bbox 728 1236 773 1289; x_wconf 89' lang='lat' dir='ltr'>qni-</span> 
     </span>
    </p>

    <p class='ocr_par' dir='ltr' id='par_1_7' title="bbox 94 1306 773 1361">
     <span class='ocr_line' id='line_1_16' title="bbox 94 1306 773 1361; baseline 0 -13"><span class='ocrx_word' id='word_1_120' title='bbox 94 1310 141 1359; x_wconf 86' lang='lat' dir='ltr'>dem</span> <span class='ocrx_word' id='word_1_121' title='bbox 155 1310 299 1361; x_wconf 79' lang='lat' dir='ltr'>argumentum</span> <span class='ocrx_word' id='word_1_122' title='bbox 310 1306 437 1347; x_wconf 72' lang='lat' dir='ltr'>Bartholda&#39;o</span> <span class='ocrx_word' id='word_1_123' title='bbox 452 1307 502 1346; x_wconf 82' lang='lat' dir='ltr'>tanti</span> <span class='ocrx_word' id='word_1_124' title='bbox 515 1308 595 1347; x_wconf 87' lang='lat' dir='ltr'>videtur</span> <span class='ocrx_word' id='word_1_125' title='bbox 609 1308 706 1348; x_wconf 86' lang='lat' dir='ltr'>momenti</span> <span class='ocrx_word' id='word_1_126' title='bbox 721 1321 773 1359; x_wconf 83' lang='lat' dir='ltr'>esse,</span> 
     </span>
    </p>

    <p class='ocr_par' dir='ltr' id='par_1_8' title="bbox 95 1379 774 1432">
     <span class='ocr_line' id='line_1_17' title="bbox 95 1379 774 1432; baseline 0 -10"><span class='ocrx_word' id='word_1_127' title='bbox 95 1386 118 1422; x_wconf 88' lang='lat' dir='ltr'>nt</span> <span class='ocrx_word' id='word_1_128' title='bbox 131 1382 169 1421; x_wconf 87' lang='lat' dir='ltr'>hac</span> <span class='ocrx_word' id='word_1_129' title='bbox 187 1380 212 1420; x_wconf 87' lang='lat' dir='ltr'>de</span> <span class='ocrx_word' id='word_1_130' title='bbox 231 1392 311 1419; x_wconf 82' lang='lat' dir='ltr'>renen</span> <span class='ocrx_word' id='word_1_131' title='bbox 326 1379 411 1431; x_wconf 87' lang='lat' dir='ltr'>amplius</span> <span class='ocrx_word' id='word_1_132' title='bbox 427 1381 566 1432; x_wconf 84' lang='lat' dir='ltr'>quaerendum</span> <span class='ocrx_word' id='word_1_133' title='bbox 581 1393 626 1421; x_wconf 90' lang='lat' dir='ltr'>esse</span> <span class='ocrx_word' id='word_1_134' title='bbox 641 1385 705 1432; x_wconf 82' lang='lat' dir='ltr'>putet.</span> <span class='ocrx_word' id='word_1_135' title='bbox 733 1381 774 1422; x_wconf 81' lang='lat' dir='ltr'>Cui</span> 
     </span>
    </p>

    <p class='ocr_par' dir='ltr' id='par_1_9' title="bbox 94 1438 795 1577">
     <span class='ocr_line' id='line_1_18' title="bbox 94 1438 795 1507; baseline 0 -13"><span class='ocrx_word' id='word_1_136' title='bbox 94 1457 214 1507; x_wconf 77' lang='lat' dir='ltr'>argumento</span> <span class='ocrx_word' id='word_1_137' title='bbox 233 1466 295 1505; x_wconf 93' lang='lat' dir='ltr'>quum</span> <span class='ocrx_word' id='word_1_138' title='bbox 315 1451 414 1493; x_wconf 66' lang='lat' dir='ltr'>(toalleam</span> <span class='ocrx_word' id='word_1_139' title='bbox 432 1457 534 1506; x_wconf 84' lang='lat' dir='ltr'>opponat,</span> <span class='ocrx_word' id='word_1_140' title='bbox 553 1453 677 1506; x_wconf 85' lang='lat' dir='ltr'>Zephaniam</span> <span class='ocrx_word' id='word_1_141' title='bbox 696 1454 775 1494; x_wconf 88' lang='lat' dir='ltr'>Hnldae</span> <span class='ocrx_word' id='word_1_142' title='bbox 794 1438 795 1441; x_wconf 11' lang='grc' dir='ltr'><strong>Ἴ</strong></span> 
     </span>
     <span class='ocr_line' id='line_1_19' title="bbox 95 1525 775 1577; baseline 0 -10"><span class='ocrx_word' id='word_1_143' title='bbox 95 1526 212 1567; x_wconf 83' lang='lat' dir='ltr'>vaticinium</span> <span class='ocrx_word' id='word_1_144' title='bbox 226 1525 302 1577; x_wconf 80' lang='lat' dir='ltr'>llReg.</span> <span class='ocrx_word' id='word_1_145' title='bbox 314 1526 385 1577; x_wconf 77' lang='lat' dir='ltr'>XXII,</span> <span class='ocrx_word' id='word_1_146' title='bbox 401 1526 435 1565; x_wconf 81' lang='lat'>20.</span> <span class='ocrx_word' id='word_1_147' title='bbox 463 1527 480 1565; x_wconf 89' lang='lat' dir='ltr'>ll</span> <span class='ocrx_word' id='word_1_148' title='bbox 490 1525 568 1566; x_wconf 81' lang='lat' dir='ltr'>Ghron.</span> <span class='ocrx_word' id='word_1_149' title='bbox 580 1527 683 1577; x_wconf 78' lang='lat' dir='ltr'>XXXIV,</span> <span class='ocrx_word' id='word_1_150' title='bbox 700 1528 727 1568; x_wconf 75' lang='lat'>28</span> <span class='ocrx_word' id='word_1_151' title='bbox 741 1541 775 1567; x_wconf 89' lang='lat' dir='ltr'>re-</span> 
     </span>
    </p>

    <p class='ocr_par' dir='ltr' id='par_1_10' title="bbox 96 1587 816 1658">
     <span class='ocr_line' id='line_1_20' title="bbox 96 1587 816 1658; baseline 0.001 -18"><span class='ocrx_word' id='word_1_152' title='bbox 96 1598 189 1652; x_wconf 82' lang='lat' dir='ltr'>spexisse</span> <span class='ocrx_word' id='word_1_153' title='bbox 207 1587 376 1651; x_wconf 82' lang='lat' dir='ltr'>atque-apertius</span> <span class='ocrx_word' id='word_1_154' title='bbox 396 1598 513 1654; x_wconf 51' lang='lat' dir='ltr'>iudicasse,¹</span> <span class='ocrx_word' id='word_1_155' title='bbox 527 1599 603 1651; x_wconf 77' lang='lat' dir='ltr'>fugisse</span> <span class='ocrx_word' id='word_1_156' title='bbox 624 1612 669 1639; x_wconf 88' lang='lat' dir='ltr'>eum</span> <span class='ocrx_word' id='word_1_157' title='bbox 688 1600 775 1651; x_wconf 80' lang='lat' dir='ltr'>videtur⁷</span> <span class='ocrx_word' id='word_1_158' title='bbox 814 1655 816 1658; x_wconf 16' lang='lat' dir='ltr'>v</span> 
     </span>
    </p>

    <p class='ocr_par' dir='ltr' id='par_1_11' title="bbox 34 1657 837 2744">
     <span class='ocr_line' id='line_1_21' title="bbox 97 1657 837 1724; baseline 0.003 -12"><span class='ocrx_word' id='word_1_159' title='bbox 97 1671 176 1712; x_wconf 88' lang='lat' dir='ltr'>Hnldae</span> <span class='ocrx_word' id='word_1_160' title='bbox 197 1670 261 1711; x_wconf 83' lang='lat' dir='ltr'>verba</span> <span class='ocrx_word' id='word_1_161' title='bbox 284 1684 337 1711; x_wconf 80' lang='lat' dir='ltr'>aurio</span> <span class='ocrx_word' id='word_1_162' title='bbox 359 1671 438 1711; x_wconf 89' lang='lat' dir='ltr'>decimo</span> <span class='ocrx_word' id='word_1_163' title='bbox 462 1676 534 1712; x_wconf 88' lang='lat' dir='ltr'>octavo</span> <span class='ocrx_word' id='word_1_164' title='bbox 558 1672 604 1724; x_wconf 89' lang='lat' dir='ltr'>ipso</span> <span class='ocrx_word' id='word_1_165' title='bbox 624 1671 705 1724; x_wconf 86' lang='lat' dir='ltr'>prolata</span> <span class='ocrx_word' id='word_1_166' title='bbox 723 1686 776 1719; x_wconf 52' lang='lat' dir='ltr'>esse·</span> <span class='ocrx_word' id='word_1_167' title='bbox 823 1657 837 1663; x_wconf 17' lang='grc' dir='ltr'><em>Α</em></span> 
     </span>
     <span class='ocr_line' id='line_1_22' title="bbox 34 1732 778 1799; baseline 0 -14"><span class='ocrx_word' id='word_1_168' title='bbox 34 1748 36 1756; x_wconf 84' lang='grc'>’</span> <span class='ocrx_word' id='word_1_169' title='bbox 97 1744 172 1785; x_wconf 79' lang='lat' dir='ltr'>illelius</span> <span class='ocrx_word' id='word_1_170' title='bbox 193 1744 241 1783; x_wconf 91' lang='lat' dir='ltr'>dicit</span> <span class='ocrx_word' id='word_1_171' title='bbox 254 1743 313 1784; x_wconf 73' lang='lat' dir='ltr'>&#39;filios</span> <span class='ocrx_word' id='word_1_172' title='bbox 335 1744 400 1796; x_wconf 74' lang='lat' dir='ltr'>regis,</span> <span class='ocrx_word' id='word_1_173' title='bbox 421 1732 533 1785; x_wconf 84' lang='lat' dir='ltr'>Joaliasum</span> <span class='ocrx_word' id='word_1_174' title='bbox 555 1749 575 1784; x_wconf 88' lang='lat' dir='ltr'>et</span> <span class='ocrx_word' id='word_1_175' title='bbox 592 1744 723 1796; x_wconf 82' lang='lat' dir='ltr'>Eliacimum,</span> <span class='ocrx_word' id='word_1_176' title='bbox 743 1745 778 1799; x_wconf 91' lang='lat' dir='ltr'>qni</span> 
     </span>
     <span class='ocr_line' id='line_1_23' title="bbox 97 1817 778 1871; baseline 0 -13"><span class='ocrx_word' id='word_1_177' title='bbox 97 1822 147 1858; x_wconf 87' lang='lat' dir='ltr'>tunc</span> <span class='ocrx_word' id='word_1_178' title='bbox 164 1817 208 1869; x_wconf 82' lang='lat' dir='ltr'>regi</span> <span class='ocrx_word' id='word_1_179' title='bbox 225 1817 310 1871; x_wconf 19' lang='lat' dir='ltr'>&#39;fuerunt</span> <span class='ocrx_word' id='word_1_180' title='bbox 327 1817 440 1857; x_wconf 90' lang='lat' dir='ltr'>secundum</span> <span class='ocrx_word' id='word_1_181' title='bbox 455 1819 473 1857; x_wconf 93' lang='lat' dir='ltr'>ll</span> <span class='ocrx_word' id='word_1_182' title='bbox 484 1818 535 1870; x_wconf 82' lang='lat' dir='ltr'>Reg.</span> <span class='ocrx_word' id='word_1_183' title='bbox 549 1819 630 1868; x_wconf 82' lang='lat' dir='ltr'>XXIII,</span> <span class='ocrx_word' id='word_1_184' title='bbox 646 1818 679 1858; x_wconf 80' lang='grc'>31.</span> <span class='ocrx_word' id='word_1_185' title='bbox 693 1819 731 1869; x_wconf 82' lang='grc'>36,</span> <span class='ocrx_word' id='word_1_186' title='bbox 751 1818 778 1858; x_wconf 88' lang='lat' dir='ltr'>ita</span> 
     </span>
     <span class='ocr_line' id='line_1_24' title="bbox 98 1890 778 1944; baseline 0 -13"><span class='ocrx_word' id='word_1_187' title='bbox 98 1904 161 1944; x_wconf 88' lang='lat' dir='ltr'>posse</span> <span class='ocrx_word' id='word_1_188' title='bbox 175 1890 291 1931; x_wconf 87' lang='lat' dir='ltr'>nominatos</span> <span class='ocrx_word' id='word_1_189' title='bbox 307 1903 359 1942; x_wconf 82' lang='lat' dir='ltr'>esse,</span> <span class='ocrx_word' id='word_1_190' title='bbox 374 1894 397 1930; x_wconf 89' lang='lat' dir='ltr'>ut</span> <span class='ocrx_word' id='word_1_191' title='bbox 411 1894 467 1931; x_wconf 87' lang='lat' dir='ltr'>vates</span> <span class='ocrx_word' id='word_1_192' title='bbox 479 1903 530 1943; x_wconf 85' lang='lat' dir='ltr'>quae</span> <span class='ocrx_word' id='word_1_193' title='bbox 544 1894 613 1931; x_wconf 84' lang='lat' dir='ltr'>essent</span> <span class='ocrx_word' id='word_1_194' title='bbox 627 1890 648 1929; x_wconf 91' lang='lat' dir='ltr'>in</span> <span class='ocrx_word' id='word_1_195' title='bbox 663 1891 714 1941; x_wconf 85' lang='lat' dir='ltr'>fatis,</span> <span class='ocrx_word' id='word_1_196' title='bbox 726 1905 778 1943; x_wconf 84' lang='lat' dir='ltr'>pne-</span> 
     </span>
     <span class='ocr_line' id='line_1_25' title="bbox 99 1962 779 2014; baseline 0.003 -12"><span class='ocrx_word' id='word_1_197' title='bbox 99 1964 127 2009; x_wconf 89' lang='lat' dir='ltr'>ris</span> <span class='ocrx_word' id='word_1_198' title='bbox 143 1964 202 2003; x_wconf 87' lang='lat' dir='ltr'>etiarn</span> <span class='ocrx_word' id='word_1_199' title='bbox 217 1963 327 2003; x_wconf 81' lang='lat' dir='ltr'>infantibus</span> <span class='ocrx_word' id='word_1_200' title='bbox 341 1962 477 2014; x_wconf 85' lang='lat' dir='ltr'>praediceret;</span> <span class='ocrx_word' id='word_1_201' title='bbox 499 1966 519 2002; x_wconf 90' lang='lat' dir='ltr'>et</span> <span class='ocrx_word' id='word_1_202' title='bbox 533 1976 570 2002; x_wconf 87' lang='lat' dir='ltr'>cnr</span> <span class='ocrx_word' id='word_1_203' title='bbox 584 1963 671 2002; x_wconf 89' lang='lat' dir='ltr'>infantes</span> <span class='ocrx_word' id='word_1_204' title='bbox 686 1976 729 2003; x_wconf 88' lang='lat' dir='ltr'>non</span> <span class='ocrx_word' id='word_1_205' title='bbox 747 1964 779 2004; x_wconf 88' lang='lat' dir='ltr'>in-</span> 
     </span>
     <span class='ocr_line' id='line_1_26' title="bbox 99 2035 780 2088; baseline 0.001 -12"><span class='ocrx_word' id='word_1_206' title='bbox 99 2036 212 2076; x_wconf 79' lang='lat' dir='ltr'>dicaverint</span> <span class='ocrx_word' id='word_1_207' title='bbox 229 2035 337 2087; x_wconf 85' lang='lat' dir='ltr'>impietatis</span> <span class='ocrx_word' id='word_1_208' title='bbox 354 2035 438 2085; x_wconf 86' lang='lat' dir='ltr'>indicia,</span> <span class='ocrx_word' id='word_1_209' title='bbox 458 2048 510 2088; x_wconf 92' lang='lat' dir='ltr'>quae</span> <span class='ocrx_word' id='word_1_210' title='bbox 528 2038 584 2075; x_wconf 86' lang='lat' dir='ltr'>vates</span> <span class='ocrx_word' id='word_1_211' title='bbox 599 2035 667 2075; x_wconf 89' lang='lat' dir='ltr'>animo</span> <span class='ocrx_word' id='word_1_212' title='bbox 681 2049 780 2087; x_wconf 88' lang='lat' dir='ltr'>praesen-</span> 
     </span>
     <span class='ocr_line' id='line_1_27' title="bbox 99 2107 827 2163; baseline 0.001 -14"><span class='ocrx_word' id='word_1_213' title='bbox 99 2109 149 2150; x_wconf 86' lang='lat' dir='ltr'>serit</span> <span class='ocrx_word' id='word_1_214' title='bbox 168 2111 241 2160; x_wconf 85' lang='lat' dir='ltr'>postea</span> <span class='ocrx_word' id='word_1_215' title='bbox 263 2107 352 2160; x_wconf 78' lang='lat' dir='ltr'>apertius</span> <span class='ocrx_word' id='word_1_216' title='bbox 372 2109 481 2160; x_wconf 73' lang='lat' dir='ltr'>eruptura?</span> <span class='ocrx_word' id='word_1_217' title='bbox 511 2108 590 2148; x_wconf 89' lang='lat' dir='ltr'>Verum</span> <span class='ocrx_word' id='word_1_218' title='bbox 612 2122 655 2148; x_wconf 89' lang='lat' dir='ltr'>nou</span> <span class='ocrx_word' id='word_1_219' title='bbox 674 2114 705 2149; x_wconf 86' lang='lat' dir='ltr'>est</span> <span class='ocrx_word' id='word_1_220' title='bbox 724 2111 781 2163; x_wconf 89' lang='lat' dir='ltr'>qnod</span> <span class='ocrx_word' id='word_1_221' title='bbox 826 2126 827 2129; x_wconf 45' lang='lat'>¹</span> 
     </span>
     <span class='ocr_line' id='line_1_28' title="bbox 99 2180 780 2234; baseline 0.003 -13"><span class='ocrx_word' id='word_1_222' title='bbox 99 2181 204 2234; x_wconf 85' lang='lat' dir='ltr'>impediat,</span> <span class='ocrx_word' id='word_1_223' title='bbox 223 2181 332 2234; x_wconf 84' lang='lat' dir='ltr'>quominus</span> <span class='ocrx_word' id='word_1_224' title='bbox 351 2180 406 2222; x_wconf 87' lang='lat' dir='ltr'>filios</span> <span class='ocrx_word' id='word_1_225' title='bbox 423 2182 478 2233; x_wconf 82' lang='lat' dir='ltr'>regis</span> <span class='ocrx_word' id='word_1_226' title='bbox 499 2195 545 2221; x_wconf 90' lang='lat' dir='ltr'>cum</span> <span class='ocrx_word' id='word_1_227' title='bbox 561 2182 686 2234; x_wconf 65' lang='lat' dir='ltr'>Hieronymo</span> <span class='ocrx_word' id='word_1_228' title='bbox 702 2183 780 2224; x_wconf 91' lang='lat' dir='ltr'>intelli-</span> 
     </span>
     <span class='ocr_line' id='line_1_29' title="bbox 99 2253 781 2308; baseline 0.003 -13"><span class='ocrx_word' id='word_1_229' title='bbox 99 2268 170 2308; x_wconf 80' lang='lat' dir='ltr'>gamus</span> <span class='ocrx_word' id='word_1_230' title='bbox 189 2254 214 2294; x_wconf 92' lang='lat' dir='ltr'>de</span> <span class='ocrx_word' id='word_1_231' title='bbox 229 2253 323 2294; x_wconf 86' lang='lat' dir='ltr'>omnibus</span> <span class='ocrx_word' id='word_1_232' title='bbox 343 2254 446 2306; x_wconf 80' lang='lat' dir='ltr'>exstirpe</span> <span class='ocrx_word' id='word_1_233' title='bbox 464 2254 521 2306; x_wconf 79' lang='lat' dir='ltr'>regia</span> <span class='ocrx_word' id='word_1_234' title='bbox 538 2253 665 2306; x_wconf 90' lang='lat' dir='ltr'>principibus</span> <span class='ocrx_word' id='word_1_235' title='bbox 683 2254 781 2297; x_wconf 84' lang='lat' dir='ltr'>fastuosis</span> 
     </span>
     <span class='ocr_line' id='line_1_30' title="bbox 99 2325 781 2380; baseline 0.003 -13"><span class='ocrx_word' id='word_1_236' title='bbox 99 2331 160 2380; x_wconf 86' lang='lat' dir='ltr'>atque</span> <span class='ocrx_word' id='word_1_237' title='bbox 181 2327 285 2380; x_wconf 83' lang='lat' dir='ltr'>superbis,</span> <span class='ocrx_word' id='word_1_238' title='bbox 308 2327 328 2366; x_wconf 94' lang='lat' dir='ltr'>id</span> <span class='ocrx_word' id='word_1_239' title='bbox 348 2327 404 2380; x_wconf 90' lang='lat' dir='ltr'>quod</span> <span class='ocrx_word' id='word_1_240' title='bbox 423 2329 463 2366; x_wconf 81' lang='lat' dir='ltr'>tam</span> <span class='ocrx_word' id='word_1_241' title='bbox 482 2338 543 2378; x_wconf 83' lang='lat' dir='ltr'>saepe</span> <span class='ocrx_word' id='word_1_242' title='bbox 562 2325 583 2365; x_wconf 93' lang='lat' dir='ltr'>in</span> <span class='ocrx_word' id='word_1_243' title='bbox 600 2325 781 2380; x_wconf 23' lang='lat' dir='ltr'>libris-historicis</span> 
     </span>
     <span class='ocr_line' id='line_1_31' title="bbox 99 2398 781 2452; baseline 0.004 -13"><span class='ocrx_word' id='word_1_244' title='bbox 99 2400 183 2452; x_wconf 57' lang='lat' dir='ltr'>lepttpr,</span> <span class='ocrx_word' id='word_1_245' title='bbox 203 2404 226 2439; x_wconf 90' lang='lat' dir='ltr'>nt</span> <span class='ocrx_word' id='word_1_246' title='bbox 240 2399 313 2439; x_wconf 84' lang='lat' dir='ltr'>mirum</span> <span class='ocrx_word' id='word_1_247' title='bbox 328 2399 364 2449; x_wconf 76' lang='lat' dir='ltr'>sit,</span> <span class='ocrx_word' id='word_1_248' title='bbox 383 2399 440 2439; x_wconf 85' lang='lat' dir='ltr'>viros</span> <span class='ocrx_word' id='word_1_249' title='bbox 459 2399 532 2439; x_wconf 84' lang='lat' dir='ltr'>doctos</span> <span class='ocrx_word' id='word_1_250' title='bbox 550 2399 587 2437; x_wconf 89' lang='lat' dir='ltr'>hac</span> <span class='ocrx_word' id='word_1_251' title='bbox 606 2398 669 2439; x_wconf 91' lang='lat' dir='ltr'>dere</span> <span class='ocrx_word' id='word_1_252' title='bbox 685 2405 781 2442; x_wconf 87' lang='lat' dir='ltr'>certasse.</span> 
     </span>
     <span class='ocr_line' id='line_1_32' title="bbox 100 2471 835 2525; baseline 0.003 -12"><span class='ocrx_word' id='word_1_253' title='bbox 100 2473 123 2524; x_wconf 82' lang='grc'>3)</span> <span class='ocrx_word' id='word_1_254' title='bbox 138 2473 192 2513; x_wconf 78' lang='lat' dir='ltr'>Ante</span> <span class='ocrx_word' id='word_1_255' title='bbox 206 2473 272 2525; x_wconf 80' lang='lat' dir='ltr'>legem</span> <span class='ocrx_word' id='word_1_256' title='bbox 287 2484 341 2511; x_wconf 87' lang='lat' dir='ltr'>anno</span> <span class='ocrx_word' id='word_1_257' title='bbox 357 2471 436 2511; x_wconf 89' lang='lat' dir='ltr'>decimo</span> <span class='ocrx_word' id='word_1_258' title='bbox 455 2476 528 2523; x_wconf 85' lang='lat' dir='ltr'>octavo</span> <span class='ocrx_word' id='word_1_259' title='bbox 543 2475 645 2525; x_wconf 85' lang='lat' dir='ltr'>repertam</span> <span class='ocrx_word' id='word_1_260' title='bbox 663 2486 782 2525; x_wconf 88' lang='lat' dir='ltr'>perversam</span> <span class='ocrx_word' id='word_1_261' title='bbox 833 2522 835 2524; x_wconf 23' lang='lat'>¹</span> 
     </span>
     <span class='ocr_line' id='line_1_33' title="bbox 101 2540 782 2599; baseline 0.004 -15"><span class='ocrx_word' id='word_1_262' title='bbox 101 2540 145 2585; x_wconf 79' lang='lat' dir='ltr'>eius</span> <span class='ocrx_word' id='word_1_263' title='bbox 156 2544 343 2595; x_wconf 81' lang='lat' dir='ltr'>interpretationem</span> <span class='ocrx_word' id='word_1_264' title='bbox 355 2544 497 2585; x_wconf 84' lang='lat' dir='ltr'>sacerdotibus</span> <span class='ocrx_word' id='word_1_265' title='bbox 507 2547 545 2595; x_wconf 87' lang='lat' dir='ltr'>lll,</span> <span class='ocrx_word' id='word_1_266' title='bbox 560 2547 573 2584; x_wconf 79' lang='lat'><strong>4</strong></span> <span class='ocrx_word' id='word_1_267' title='bbox 586 2545 647 2586; x_wconf 88' lang='lat' dir='ltr'>obiici</span> <span class='ocrx_word' id='word_1_268' title='bbox 659 2559 701 2586; x_wconf 88' lang='lat' dir='ltr'>nou</span> <span class='ocrx_word' id='word_1_269' title='bbox 712 2560 782 2599; x_wconf 90' lang='lat' dir='ltr'>posse.</span> 
     </span>
     <span class='ocr_line' id='line_1_34' title="bbox 101 2617 784 2679; baseline 0.004 -22"><span class='ocrx_word' id='word_1_270' title='bbox 101 2617 128 2657; x_wconf 84' lang='lat' dir='ltr'>At</span> <span class='ocrx_word' id='word_1_271' title='bbox 145 2618 333 2679; x_wconf 23' lang='lat' dir='ltr'>legen-inventam</span> <span class='ocrx_word' id='word_1_272' title='bbox 353 2631 398 2658; x_wconf 85' lang='lat' dir='ltr'>csse</span> <span class='ocrx_word' id='word_1_273' title='bbox 415 2619 469 2659; x_wconf 89' lang='lat' dir='ltr'>haud</span> <span class='ocrx_word' id='word_1_274' title='bbox 490 2618 516 2658; x_wconf 83' lang='lat' dir='ltr'>ita</span> <span class='ocrx_word' id='word_1_275' title='bbox 535 2623 566 2659; x_wconf 88' lang='lat' dir='ltr'>est</span> <span class='ocrx_word' id='word_1_276' title='bbox 585 2619 737 2672; x_wconf 77' lang='lat' dir='ltr'>explicandum,</span> <span class='ocrx_word' id='word_1_277' title='bbox 761 2624 784 2660; x_wconf 90' lang='lat' dir='ltr'>ut</span> 
     </span>
     <span class='ocr_line' id='line_1_35' title="bbox 102 2690 783 2744; baseline 0.006 -14"><span class='ocrx_word' id='word_1_278' title='bbox 102 2690 168 2731; x_wconf 86' lang='lat' dir='ltr'>omnis</span> <span class='ocrx_word' id='word_1_279' title='bbox 184 2691 267 2732; x_wconf 78' lang='lat' dir='ltr'>orriniuo</span> <span class='ocrx_word' id='word_1_280' title='bbox 282 2691 373 2744; x_wconf 81' lang='lat' dir='ltr'>cognitio</span> <span class='ocrx_word' id='word_1_281' title='bbox 387 2690 439 2743; x_wconf 75' lang='lat' dir='ltr'>legis</span> <span class='ocrx_word' id='word_1_282' title='bbox 453 2691 551 2732; x_wconf 84' lang='lat' dir='ltr'>habeatur</span> <span class='ocrx_word' id='word_1_283' title='bbox 566 2691 648 2739; x_wconf 63' lang='lat' dir='ltr'>amissae</span> <span class='ocrx_word' id='word_1_284' title='bbox 665 2693 783 2734; x_wconf 84' lang='lat' dir='ltr'>sacerdotes</span> 
     </span>
    </p>
   </div>
   <div class='ocr_carea' id='block_1_5' title="bbox 0 0 917 3089">
    <p class='ocr_par' dir='ltr' id='par_1_12' title="bbox 0 0 917 3089">
     <span class='ocr_line' id='line_1_36' title="bbox 0 0 917 3089; baseline 0 0"><span class='ocrx_word' id='word_1_285' title='bbox 0 0 917 3089; x_wconf 95' lang='lat' dir='ltr'> </span> 
     </span>
    </p>
   </div>
  </div>
 </body>
</html>
