1792 3089
161 127 189 171 88

161 250 208 277 rum
220 235 325 278 enimvero
340 247 382 276 nou
395 234 458 276 modo
473 235 563 276 rationes
577 234 624 275 illae
640 233 785 285 extabuerunt,
804 234 842 277 sed

163 309 223 351 etiam
241 308 322 350 initium
341 308 411 361 capitis
425 309 500 360 nostri,
520 308 681 361 increpationem
695 308 794 361 incipiens
809 323 843 349 ac·
868 306 891 353 l

163 382 285 424 clamatione
303 396 349 423 curn
367 381 596 424 antecedentibusnon
614 382 745 432 cohaerente,
768 395 843 422 novam
867 374 868 389 ³
888 335 892 421 1

160 457 204 507 jam
218 456 309 508 incipere
323 458 402 508 partem
416 454 496 497 indicat⁴
523 455 550 494 Et
563 454 657 507 profecto
672 453 738 506 priori
752 454 782 494 illi
797 467 844 495 ora·
873 456 895 543 1,

163 527 211 568 culo
227 526 322 568 omnihus
336 526 426 568 numeris
435 527 530 568 absoluto
540 527 590 568 nihil
597 526 684 568 vidimus
693 527 771 578 deesse,
787 527 844 581 quod

164 600 243 642 oraculi
257 601 315 642 notio
330 600 427 655 postulet,
443 601 500 657 quod
514 602 567 642 idem
581 601 636 643 valet
647 601 672 642 de
680 600 795 655 posteriore
803 602 842 643 hoc
878 604 881 659 'j

164 675 260 727 oraculo,
280 676 423 731 acquiescente
442 676 463 716 in
477 675 585 727 Israelitis,
604 687 693 729 quorum
706 679 790 729 peccata
801 676 843 728 jam
877 676 879 686 ”

163 749 246 792 brevius
258 749 377 791 nuntiantur
388 754 408 792 et
415 754 463 804 post
471 763 559 805 poenam
569 749 624 791 salus
632 748 705 790 laetius
712 749 845 804 proponitur.v
878 756 880 780 1

207 824 326 866 Secundum
344 825 406 878 igitur
423 824 549 876 vaticinium,
570 825 596 865 ad
612 824 756 876 Hierosolyma
776 824 841 865 denuo
883 820 894 882 33

164 910 187 939 se
204 901 337 949 convertens,
356 898 444 951 primum
458 901 543 951 peccata
559 910 631 939 eorum
646 896 718 938 sedulo
734 884 841 938 cohortaris

164 971 295 1025 reprehendit
309 985 328 1012 v.
337 972 410 1022 1-7,
427 971 500 1011 deinde
514 970 663 1023 promissiones
678 970 842 1022 splendidissimo

164 1044 252 1085 Moesiae
266 1048 360 1097 tempore
374 1042 483 1096 replendas
497 1043 614 1096 promulgat
627 1043 741 1085 118-211.

453 1174 556 1213 n1—h

206 1261 320 1302 Exorditur
334 1264 401 1301 autem
416 1260 441 1301 ab
457 1262 604 1304 exclamatione
619 1261 715 1316 generali,
731 1263 777 1316 ipso
788 1262 845 1304 urhis

153 1339 250 1388 ‘aspectu
264 1338 386 1388 provocata,
406 1348 426 1376 v.
442 1335 466 1384 13
487 1347 539 1389 quae
558 1349 619 1390 quam
637 1337 690 1378 iusta
704 1336 740 1388 sit,
760 1336 844 1389 singulis

163 1408 254 1462 peccatis
274 1408 397 1450 enumeratis
416 1408 505 1449 ostendit
522 1422 542 1450 v.
558 1409 581 1459 23
604 1423 655 1464 quae
671 1414 738 1451 tamen
756 1410 844 1463 pravitas

165 1486 225 1523 aucta
239 1486 270 1523 est
283 1482 394 1535 praecipue
410 1482 567 1535 degeneratione
583 1496 664 1535 eorum,
684 1484 758 1538 quibus
772 1497 845 1538 respu-

164 1555 218 1596 blica
232 1556 391 1596 administranda
406 1559 454 1607 erat,
469 1555 585 1609 principum
593 1560 613 1598 et
621 1557 721 1610 judicum,
735 1562 845 1611 statuspo-

162 1630 214 1671 litici
226 1629 306 1670 ratione
320 1629 394 1681 habita,
409 1642 428 1672 v.
436 1630 455 1681 3,
470 1630 617 1682 prophetarum
632 1634 652 1671 et
662 1632 792 1673 sacerdotum
804 1633 845 1673 ud

164 1704 186 1744 in
201 1708 255 1745 statu
274 1703 413 1744 ecclesiastico
431 1702 555 1756 primorum
575 1703 608 1745 cui
622 1705 716 1757 pravitati
735 1705 785 1746 deus
803 1719 846 1746 me-

164 1777 208 1817 deri
228 1777 305 1818 studuit
319 1782 359 1817 tam
371 1776 450 1827 J'ustitia
465 1790 502 1817 sua
516 1781 613 1831 tanquam
627 1778 721 1831 exemplo
736 1779 844 1832 proposita

163 1851 211 1891 15
230 1862 291 1904 quam
308 1853 440 1903 peccatorum
457 1863 525 1902 poena
543 1850 670 1902 ingentium
687 1852 767 1892 excidio
782 1853 846 1892 mani-

163 1924 236 1964 festata
249 1937 269 1966 v.
280 1923 303 1973 6;
323 1923 414 1976 populus
428 1935 479 1963 uero
494 1923 520 1962 ab
535 1923 654 1964 adducenda
668 1924 783 1965 facinorum
798 1937 846 1965 suo-

164 2009 210 2037 rum
223 2009 292 2049 poena
303 1997 391 2037 ‘retineri
405 1995 473 2037 noluit
486 2008 505 2036 v.
516 1997 536 2036 7.

205 2082 225 2109 v.
241 2070 261 2110 1.
288 2070 328 2111 Vae
342 2068 412 2110 rebelli
425 2074 446 2110 et
454 2068 553 2122 pollutae,
568 2068 617 2109 orbi
628 2070 756 2122 opprimenti.
784 2070 847 2111 Vates

155 2142 276 2197 alloquitur
283 2143 432 2196 Hierosolyma,
447 2142 484 2184 ubi
497 2147 540 2183 erat
550 2143 693 2195 sanctuarium,
709 2147 729 2185 et
738 2157 790 2197 quae
799 2143 846 2184 ideo

164 2229 214 2269 prae
233 2215 277 2257 aliis
295 2217 380 2258 urbibus
399 2216 465 2257 videri
478 2220 574 2268 poterant
592 2216 704 2268 excellere,
724 2230 787 2271 quum
803 2219 846 2258 non
885 2269 887 2272 Α

164 2291 240 2330 frustra
255 2290 305 2331 deus
320 2290 375 2331 illam
391 2289 430 2331 sibi
444 2289 514 2331 sedern
530 2289 635 2343 elegissem
651 2304 714 2345 quare
721 2290 802 2331 'dirasei
809 2290 847 2332 im⁴
878 2278 888 2379 1

164 2375 263 2415 precans,
284 2364 340 2404 unde
355 2363 462 2414 ceciderit,
480 2362 557 2410 iudicat
571 2377 623 2405 voce
639 2374 703 2404 nnnc.
734 2366 791 2415 Quae
806 2377 848 2406 vox

161 2449 231 2490 quum
245 2436 294 2476 alias
308 2451 352 2478 non
366 2438 456 2495 legatur,
472 2438 594 2491 interpretes
609 2438 644 2478 alii
659 2437 698 2477 alia
711 2436 791 2478 ratione
804 2451 848 2479 eam
879 2425 894 2496 ’1

165 2509 289 2562 intelligunt.
318 2510 359 2551 Alii
373 2515 480 2564 putarunt,
501 2516 567 2551 vatem
581 2511 700 2564 priusquam
714 2511 848 2564 vituperatio-
881 2457 887 2550 1

164 2596 211 2623 nem
225 2582 319 2635 incipiat,
339 2583 421 2624 laudern
435 2584 492 2624 urbis
508 2584 666 2637 dignitatemque
680 2596 810 2637 proponere,
824 2588 848 2625 ut

165 2656 290 2698 'contrarium
307 2669 332 2697 eo
347 2657 411 2709 magis
426 2657 464 2698 sub
480 2657 553 2699 oculos
569 2656 632 2708 cadat,
648 2656 675 2697 ita
687 2657 748 2697 LXX
764 2652 848 2711 ἐπιφα-
