1792 3089
375 128 465 196 cram,
481 167 497 188 v.
510 152 539 189 ao.

117 276 137 303 rn
152 262 225 303 Medos
244 263 305 313 atque
319 259 393 300 Persas
407 258 530 308 transiisset7
552 268 598 296 cum
616 254 677 296 laude
697 259 717 295 et
731 254 798 307 gloria

117 335 221 386 dimissae,
244 331 352 384 Babylone
372 333 469 373 reductae
492 330 514 371 in
532 327 609 382 templo
628 327 720 369 secundo
739 340 797 369 sacra

117 407 225 455 faciebant;
244 404 327 458 impleta
342 409 390 446 sunt
403 400 519 453 in'electis‚
542 414 595 456 qnos
611 400 705 442 Christus
720 414 746 441 ex
759 401 797 442 Ju-

117 479 173 520 daeis
193 478 328 533 gentibusque
344 478 377 519 dei
390 477 466 531 templa
480 477 538 526 iecit,
559 474 704 516 Theodoram.-
725 470 797 514 ταῦτα

117 547 142 591 δὲ
162 546 201 591 καὶ
219 549 268 599 τοῖς
286 547 310 591 ἓν
329 546 467 603 Βαβυλῶνος
483 544 649 589 ἐπανελθοῦσιν
666 540 796 602 ἐδωρήσατο

118 619 156 664 καὶ
176 620 246 664 πᾶσιν
264 616 397 679 ἀνθρώποις
415 617 473 673 μετὰ
491 618 563 661 ταῦτα
582 614 713 676 κεχάρισται
731 641 759 650 -
776 624 798 661 at

116 697 243 737 Judaeorum
257 696 326 737 clades
340 699 401 749 atque
416 694 553 745 contumacia,
574 693 738 735 Christianorum
751 697 796 734 ten-

117 769 205 809 tationes
224 771 285 822 atque
304 772 389 820 peccata
407 771 502 808 eventum
515 767 606 807 indicant
619 767 711 807 nondum
724 767 797 808 adesse

117 842 155 882 sed
172 841 261 894 tempori
278 842 347 881 snturo
365 841 485 893 repositum.
519 841 545 881 Et
564 840 658 892 proiecto
673 852 726 893 quae
739 839 799 892 regni

117 914 180 955 divini
195 915 261 967 imago
275 914 367 967 perfecta
380 917 449 954 vatum
464 913 530 955 oculis
546 912 704 963 obversabatur,
724 926 748 953 ea
763 925 798 954 so-

117 987 166 1028 latio
188 992 249 1041 atque
269 987 343 1028 viatico
366 987 411 1027 data
430 992 461 1028 est
476 986 560 1028 Judaeis
579 986 600 1027 in
617 985 738 1039 captivitatis
756 987 797 1027 Ba-

117 1060 225 1113 bylonicae
246 1060 366 1111 acerbitate,
392 1059 512 1101 Christianis
533 1060 555 1100 in
576 1059 663 1100 miserae
684 1059 744 1100 huius
765 1060 797 1111 vi-

117 1138 150 1174 tae
165 1133 286 1182 calamitatc;
306 1146 359 1186 qnae
377 1133 443 1186 imago
462 1133 556 1174 felicibus
574 1133 633 1185 regni
651 1131 714 1174 divini
727 1132 761 1173 vel
775 1132 797 1174 in

118 1207 158 1247 hoc
172 1206 256 1247 saeculo
270 1205 370 1246 aetatibus
384 1210 480 1260 tanquam
490 1209 540 1259 typo
554 1218 658 1258 expressa,
673 1205 729 1246 omni
743 1201 797 1260 σκίᾳ
824 1230 826 1233 >

118 1283 179 1334 atque
194 1278 289 1320 omnibns
303 1277 393 1318 tenebris
407 1278 502 1329 remotis,
522 1278 617 1320 omnibus
630 1278 721 1319 numeris
735 1277 797 1319 abso-

118 1351 161 1393 luta
179 1365 222 1393 non
239 1352 301 1393 modo
320 1364 391 1392 coram
409 1351 475 1392 oculis
493 1352 570 1392 uostris
587 1351 694 1404 apparebit
707 1351 745 1392 sed
757 1364 797 1393 nos

119 1424 177 1477 ipsos
191 1424 260 1465 divino
275 1423 402 1477 coelestique
416 1423 527 1476 splendore
540 1427 625 1465 ornatos
638 1423 760 1465 monstrabit
774 1419 798 1464 ἐν

118 1494 146 1552 τῇ
160 1488 228 1537 πόλει
240 1494 269 1551 τῇ
284 1488 346 1550 ἁγίᾳ,
359 1487 505 1551 Ἰερουσαλὴμ
519 1495 598 1552 καινῇ,
617 1498 643 1538 de
658 1510 699 1551 qua
712 1500 798 1538 testatur

118 1568 204 1621 Apocal.
213 1571 271 1620 XXI,
286 1570 309 1609 3:
329 1562 379 1608 teob
394 1561 408 1622 ἦ
424 1564 492 1623 σκηνὴ
507 1568 548 1610 cot
561 1567 620 1609 occo
632 1563 690 1620 μετὰ
704 1565 748 1608 τῶν
760 1560 799 1609 ἆν-

119 1632 226 1694 θρώνσων,
241 1636 280 1680 καὶ
294 1635 402 1695 σκηνώσει
416 1632 465 1691 μετ’
482 1634 554 1681 αὐτῶν
569 1637 608 1682 καὶ
618 1630 684 1682 ciant
694 1636 749 1689 λαὸς
759 1633 799 1682 αὖ·

119 1709 161 1752 τοῦ
175 1704 271 1752 ἔσονται.

163 1786 221 1836 Quae
239 1799 302 1840 quum
321 1786 348 1826 ita
367 1786 417 1837 sint,
437 1786 554 1829 vaticinium
571 1791 666 1829 nostrum
684 1786 800 1840 Zephaniae

140 1861 206 1899 terum
226 1859 318 1901 videmus
340 1859 488 1913 promissiones
512 1859 633 1902 laetissimas
658 1860 800 1914 pronuntiare,

135 1943 173 1971 uae
191 1931 214 1971 in
232 1932 276 1973 dies
295 1933 385 1986 apertius
403 1932 499 1974 eveniunt
514 1937 575 1987 atque
589 1933 662 1975 ultimo
676 1934 730 1974 vitae
744 1933 800 1975 futu-

121 2016 156 2043 rae
174 2005 261 2045 termino
278 2019 366 2059 prorsus
384 2005 478 2059 impletae
497 2011 566 2057 erunt,
585 2006 671 2060 perinde
687 2020 711 2048 ac
729 2006 800 2047 vatici-

121 2075 177 2116 nium
194 2077 252 2130 prius
270 2078 303 2119 dei
320 2079 417 2120 iustitiam
435 2080 546 2132 proposuit
560 2085 601 2120 tam
615 2080 637 2120 in
651 2080 722 2133 primis
736 2079 801 2121 histo-

121 2148 163 2189 riae
177 2149 239 2191 initiis
255 2152 315 2205 quarn
328 2153 350 2192 in
362 2153 403 2192 fine
417 2152 513 2193 historiae
524 2154 663 2206 conspicuam.
686 2152 801 2206 Zephaniae

121 2221 183 2274 igitur
202 2222 260 2264 effata
278 2228 344 2266 totum
362 2225 421 2278 regui
439 2225 503 2267 divini
521 2239 605 2267 cursum
622 2226 693 2280 paucis
712 2225 802 2278 eomple-

122 2298 205 2336 etrmtur
223 2300 284 2351 atque
301 2298 421 2352 prophetiae
439 2299 548 2341 universae
561 2300 689 2353 praectarum
702 2298 802 2353 praebent

122 2373 262 2422 conspectum.

547 2692 598 2730 Typis
609 2692 682 2722 Fratrum
694 2693 766 2732 Unger.
