1792 3089
332 119 375 157 Gan.
387 120 405 163 1,
422 132 438 156 v.
451 118 468 158 3.
491 84 493 87 ·
715 124 742 165 43

59 228 185 269 insistentem
204 225 229 265 de
247 223 327 277 populo
345 207 443 265 universo
460 236 529 265 sermo
544 236 588 265 non
602 223 688 278 amplius
705 228 741 277 est,

61 302 98 343 sed
111 302 158 355 pios
176 301 305 340 remanentes
320 297 396 337 infide
411 297 461 338 dens
476 297 550 338 umbra
567 296 645 339 alarum
659 312 744 341 suarum
769 329 771 333 -

60 375 160 429 protegit,
181 376 201 413 et
220 384 245 411 ex
264 383 355 412 summae
373 372 492 413 vastationis
507 371 573 413 ruinis
587 370 665 412 Pellam
680 386 744 427 quan-

62 450 107 490 dam
128 460 164 488 eos
182 445 248 496 ducit,
269 445 305 486 ubi
320 446 388 487 securi
402 451 463 500 atque
478 444 548 485 intacti
563 443 648 485 audiunt
663 445 745 498 quidem

64 522 137 564 excidii
150 521 259 574 fragorem,
275 519 312 559 sed
326 518 374 561 laeti
388 506 483 560 fruuntur
498 519 546 559 fidei
560 518 686 572 refugio-
702 529 746 564 aisn

63 606 120 648 tana
140 599 188 636 sunt
202 593 303 649 mansueti
317 597 393 645 terrae,
414 607 457 636 nnn
471 593 541 634 miseri
555 596 616 647 atque
630 592 700 635 afflicti
719 593 744 634 cI.

62 667 401 723 Hengatenb.Gln·ist0l.ll,126
425 669 450 709 ad
469 668 528 709 Saclr.
544 669 583 718 IX,
599 669 619 708 9.
642 668 667 708 cf.
682 667 744 709 Num.

63 744 113 794 XII,
130 743 149 782 3.
183 742 320 783 IIIausuetudo
340 742 385 782 talis
404 755 452 794 erga
471 742 532 781 (lenm
550 754 662 793 apparens,
682 755 745 796 quum

62 817 84 856 in
99 829 223 871 quocunque
238 828 307 857 rernm
322 818 375 856 statu
387 814 516 856 collocentur
530 815 631 855 mansueti
644 815 747 855 hurniIIter

64 889 200 943 acquiescant,
214 892 275 942 atque
284 889 305 929 in
317 889 356 930 deo
365 888 460 929 fiduciam
469 892 554 942 ponant,
568 902 617 942 erga
624 887 747 942 proximum,
784 907 785 910 ¹

65 977 128 1018 quum
141 962 292 1004 infirmitatibus
307 966 367 1017 atque
383 962 531 1004 offensionibus
546 962 606 1004 facile
621 962 745 1013 condonent,

64 1050 103 1079 nec
113 1050 150 1090 par
158 1037 203 1090 pari
211 1037 306 1088 reserant,
322 1037 383 1078 immo
395 1037 495 1078 maleficia
503 1037 615 1078 benefactis
624 1040 713 1091 pensent
720 1060 747 1069 -

64 1111 114 1151 haec
128 1111 263 1153 mansuetudo
277 1111 380 1152 humiliter
394 1112 498 1162 incedens,
513 1115 600 1165 propter
611 1111 747 1152 nmndifero-

66 1184 146 1224 citatem
168 1188 228 1238 atque
250 1184 369 1225 violentiam
391 1185 486 1226 afflictam
505 1185 577 1226 sortita
596 1184 747 1235 condicionem,

65 1258 111 1298 Deo
127 1256 185 1297 cordi
200 1261 241 1308 est,
261 1261 284 1298 nt
300 1261 418 1298 mansuetos
438 1271 463 1298 ex
477 1261 521 1298 tcta
535 1262 590 1298 terra
604 1259 637 1299 Ps.
652 1258 747 1307 LXXVI,

66 1331 99 1371 tn.
114 1331 202 1381 Jele,
215 1330 243 1370 14
258 1329 296 1371 sibi
311 1330 399 1384 colligat,
415 1330 490 1372 etenira
504 1326 614 1384 μακάριοι
626 1323 649 1370 οἱ
660 1327 747 1385 πραεῖς,
801 1364 802 1367 ,

66 1397 102 1445 ὅτι
123 1395 189 1444 αὐτοὶ
209 1395 406 1459 κληρονομήσουσι
424 1400 464 1461 τὴν
482 1401 528 1459 γῆν.
551 1405 622 1446 llatth.
637 1404 667 1456 V,
687 1406 706 1446 5,
723 1426 750 1432 -

67 1477 188 1520 Accnratins
204 1477 354 1532 describuntur,
370 1493 433 1534 quum
448 1483 560 1533 operentur
575 1475 659 1531 annun,
672 1479 707 1531 jus
715 1479 750 1520 Je-

66 1553 143 1604 hovae,
162 1553 187 1593 cf.
202 1552 243 1592 Jes.
258 1552 326 1603 XLII,
342 1555 355 1592 4
374 1557 394 1594 et
408 1554 444 1605 LI,
460 1555 474 1593 4
492 1567 538 1594 cum
556 1566 609 1594 voce
628 1561 680 1597 narn
700 1567 750 1595 con-

65 1627 170 1678 junctum
186 1626 239 1666 sicut
253 1624 274 1665 in
284 1626 423 1667 Pentateucho
439 1627 557 1680 saepISsime
572 1626 597 1666 de
611 1626 693 1679 legibus
708 1627 750 1668 sin-

68 1699 121 1752 gulis
136 1699 157 1738 in
171 1698 247 1751 plurali
261 1699 345 1751 ponitur
360 1700 385 1739 cf.
397 1700 435 1741 Ex.
444 1701 505 1751 XXI,
518 1701 536 1741 1.
551 1701 613 1740 Dent.
622 1700 657 1750 IV,
670 1701 689 1740 1.
704 1701 750 1751 VII,

69 1773 89 1812 4.
105 1770 142 1824 Ia,
161 1771 188 1812 ita
201 1771 266 1825 magis
281 1773 307 1813 ad
322 1785 355 1825 ea,
375 1785 427 1827 quae
445 1773 466 1814 in
481 1776 537 1814 certa
551 1772 637 1827 quadam
651 1785 675 1813 re
690 1776 751 1829 atque

70 1847 192 1889 condicione
204 1848 260 1900 justa
275 1850 323 1889 sunt
337 1848 380 1889 slve
396 1851 457 1900 recta,
473 1858 525 1893 narn
540 1847 604 1901 magis
619 1847 645 1888 ad
660 1847 751 1902 comple-

70 1936 119 1963 xum
133 1922 184 1974 legis
199 1922 318 1963 universum
333 1922 422 1976 respicit.
447 1924 491 1963 Hcs
506 1921 568 1975 igitur
581 1925 700 1964 mansuetos
715 1923 751 1963 ad-
817 1945 819 1948 >

70 2003 146 2046 monet,
160 1999 184 2036 ut
198 2000 296 2049 quaerant
310 1996 415 2047 Jehovam,
431 1997 452 2037 id
465 1997 522 2051 quod
536 1995 658 2038 allocutioni
672 1997 753 2039 videtur

70 2069 220 2117 contradicerc;
236 2070 274 2109 sed
289 2082 352 2123 quum
365 2084 470 2124 nunquam
480 2070 576 2123 profecto
589 2070 673 2121 eveniat,
688 2074 711 2112 ut
723 2072 753 2112 of-

68 2143 116 2183 ficio
135 2155 173 2183 suo
192 2142 302 2183 satisfaciat
321 2143 439 2197 quiSquanr,
459 2156 522 2197 quum
541 2143 576 2197 qui
591 2143 651 2184 deum
663 2145 752 2198 'quaerit

69 2221 136 2259 tamen
151 2220 236 2271 peccato
251 2229 294 2259 uon
310 2220 386 2270 careat,
407 2221 463 2260 vates
477 2217 549 2259 fideles
564 2218 658 2259 hortatur
671 2221 695 2259 nt
709 2231 753 2260 non

69 2293 131 2334 modo
146 2292 312 2347 progrediantur,
326 2306 399 2335 verum
412 2296 508 2349 tanquam
522 2293 547 2333 ab
562 2291 620 2334 initio
636 2292 705 2335 denno
720 2293 753 2334 in-

70 2367 151 2420 cipiant.
179 2368 315 2422 Praeceptum
328 2369 382 2409 enim
397 2368 457 2409 deum
472 2366 595 2421 quaerendi,
611 2367 668 2422 qnod
682 2368 753 2421 negle-

71 2444 125 2481 ctum
140 2455 172 2494 cp.
187 2443 206 2493 l,
221 2443 234 2482 n
255 2455 356 2483 summum
370 2441 505 2495 cognovimus
519 2441 628 2494 impietatis
643 2442 751 2495 fastigium,

70 2514 124 2554 idem
139 2527 209 2555 omncs
225 2515 285 2557 simul
299 2515 515 2568 poenitentiae'partes
525 2503 677 2567 complectitur,
689 2528 753 2568 quum

71 2590 91 2626 et
108 2586 173 2639 prima
192 2587 288 2629 desiderit
306 2588 392 2630 salutern
410 2587 525 2641 expetentis
544 2587 654 2629 scintillula
668 2591 753 2640 quaerat

72 2662 141 2715 deum,
161 2664 181 2703 et
195 2676 236 2716 quc
252 2664 297 2718 qius
312 2664 390 2716 majore
406 2663 474 2705 studio
490 2677 536 2705 eum
551 2665 648 2718 quaerat,
665 2675 690 2703 eo
702 2661 754 2702 inde
