1792 3089
324 117 366 153 Can.
378 116 413 160 ΙΙΙ,
429 129 445 152 v.
458 115 474 153 7.
523 121 525 124 “
564 118 567 121 ’
699 118 740 160 103

61 226 97 280 qui
110 223 166 266 velut
181 221 250 266 Chald.
266 231 305 274 apa
320 221 435 275 intelligunt
450 219 550 261 debonis
565 218 611 273 illis,
627 233 679 274 quae
688 219 739 262 deus

60 299 144 340 Judaets
159 296 299 347 destinaverit,
315 309 378 349 quum
393 308 455 349 snpra
469 295 495 335 ad
511 306 555 346 cap.
564 293 583 344 Ι,
599 294 613 335 8
627 298 739 336 annotave-

61 373 123 414 rimns
137 371 311 425 praepositionem
325 365 353 411 tn
366 381 409 410 non
424 369 500 423 gratiae
515 367 552 408 sed
567 367 609 408 irae
624 369 740 410 manifesta-

61 448 137 488 tionem
151 445 247 486 indicare.
271 444 400 485 Subandiunt
413 456 464 485 vero
479 441 534 483 haud
543 442 604 495 pauci
618 453 631 483 a
646 445 693 483 ante
701 455 740 484 vo-

63 534 107 562 cem
120 518 155 571 ΒΞ),
174 519 230 573 quod
247 516 281 558 vel
295 518 322 558 ita
336 517 452 571 intelligunt
467 515 590 569 (Drusiana),
608 519 632 556 ut
646 529 693 571 cum
707 529 740 557 se-

3 574 13 632 l
62 598 137 648 <luente
151 601 187 644 pan
202 592 347 644 conjungatur:
366 603 408 644 quo
422 591 486 643 magis
500 589 642 643 animadverti,
658 603 683 631 eo
697 603 741 631 ma-
764 636 765 639 Ἴ

62 667 93 719 gis
107 677 205 719 perverse
221 667 315 716 egerunt,
335 664 368 704 cni
382 664 495 704 sententiae
514 676 558 705 non
574 664 636 705 modo
650 664 741 717 particu-

61 739 127 779 larum
135 744 171 788 pan
179 759 205 769 -
220 747 292 777 ausus
307 736 425 790 irregularis
439 750 512 779 verum
520 737 580 779 etiam
586 750 689 790 personae
696 752 741 780 mu-

62 812 115 864 tatiov
125 813 234 863 repugnat
253 809 287 850 vel
301 810 329 849 ita
342 812 366 850 ut
379 819 393 848 :r
408 823 455 850 cum
472 811 640 853 antecedentibus
655 811 742 863 conjun-

4 932 5 935 ,
63 890 117 927 ctum
137 887 218 925 vertant
239 881 329 935 (Aaron.
352 880 454 933 Ocelim:
479 883 587 934 excidatur
606 883 743 926 habitaculum

64 961 107 1002 eins
126 957 239 1000 secundnm
259 957 327 999 onmia
345 970 397 1011 qnae
415 957 498 998 decrevi
517 960 589 999 contra
605 957 666 999 illam.
701 958 743 999 Sed

0 1020 9 1073 J.¹
63 1046 131 1089 neque
145 1033 183 1072 hac
198 1030 266 1085 ellipsi
280 1044 333 1084 opus
348 1034 379 1072 est
393 1043 461 1085 neque
476 1044 500 1071 ea
515 1044 576 1085 quam
584 1031 693 1073 Michaelis
701 1045 742 1085 po-

64 1109 131 1158 stulat,
146 1108 266 1147 accentuum
280 1104 381 1145 rationem
396 1107 478 1146 secutus
494 1108 514 1145 et
529 1101 580 1147 aaa
594 1106 742 1159 apraeceden-

62 1182 116 1222 tibus
132 1192 239 1232 separans,
259 1177 367 1219 subaudita
382 1188 429 1217 cern*
444 1175 481 1219 ni:
503 1178 571 1219 omnia
585 1192 637 1234 quae
653 1181 742 1232 decrevi,

63 1268 90 1296 ne
105 1256 200 1297 eventum
213 1251 300 1292 habeant
314 1255 386 1292 contra
401 1265 454 1300 eam3
472 1256 593 1293 accentuum
609 1254 662 1295 enim
676 1254 744 1305 valori

65 1342 88 1369 ea
107 1340 167 1382 qnam
187 1339 249 1380 snpra
267 1325 414 1379 proposuimus
439 1324 547 1379 explicatio
568 1326 619 1367 nihil
637 1327 742 1370 detrectat.

65 1404 133 1454 Quare
154 1400 242 1441 Mamer
266 1404 286 1441 et
305 1400 349 1453 ipsc
367 1398 418 1439 nihil
439 1398 602 1441 subaudiendum
622 1413 667 1442 esse
687 1405 747 1443 ratus

64 1471 145 1516 aaran
160 1474 305 1528 interpretatur
318 1486 405 1526 prorsus
420 1475 448 1524 nt,
464 1486 516 1528 quae
530 1477 597 1514 tamen
611 1474 669 1516 notio
677 1475 744 1518 rarius

64 1552 167 1602 usurpata,
182 1548 201 1601 si
213 1547 303 1601 vulgaris
319 1546 421 1599 convenit,
435 1559 479 1587 non
491 1550 522 1587 est
532 1548 652 1600 expetenda.
675 1550 745 1591 Ha'tat-
807 1566 809 1569 ¹

63 1626 110 1677 gtcr
120 1622 207 1675 denique
217 1620 392 1662 constructionem
405 1620 517 1662 verborum
526 1613 603 1662 rectam
612 1622 689 1674 docuit,
704 1636 745 1677 qua

65 1696 168 1739 eversioni
181 1690 312 1748 praecedenti
330 1693 465 1748 appositionis
479 1695 528 1735 loco
543 1699 689 1747 annectuntur3
708 1710 744 1738 ve-

0 1827 1 1830 *
65 1785 111 1813 rnm
129 1770 185 1825 qnod
204 1768 354 1823 appositionem
372 1767 421 1809 dicit
439 1767 561 1811 calamitates
580 1783 652 1812 onmes
667 1771 745 1825 signifi-

0 1899 2 1902 *
66 1859 122 1897 aare,
143 1856 193 1899 quas
208 1843 320 1885 destructio
336 1842 433 1884 domicilii
451 1843 563 1885 adductura
578 1844 613 1896 sit,
634 1857 659 1885 ex
673 1849 745 1886 nostra

0 1903 3 1930 ἶ
67 1920 203 1974 explicatione
217 1919 256 1959 iam
269 1918 298 1959 ita
306 1917 444 1959 definiendum
458 1922 495 1970 cst,
510 1921 533 1959 nt
546 1918 618 1972 templi
632 1918 753 1966 destructim

66 2006 109 2034 non
126 1992 189 2034 modo
207 1992 233 2033 sit
247 1991 326 2033 initium
339 2004 407 2046 neque
422 2005 500 2033 summa
513 1995 592 2034 tantum
606 1992 697 2034 omnium
712 2006 745 2034 ca-

66 2067 183 2118 lamitatum,
198 2079 270 2108 verum
286 2066 345 2108 etiam
360 2080 427 2119 causa,
443 2067 476 2108 cui
491 2067 571 2108 eversio
585 2066 643 2108 urbis
650 2079 746 2108 necessa-

66 2142 98 2183 rio
118 2140 248 2195 consequens
266 2141 389 2183 anacolutho
409 2141 594 2195 satisponderoso
613 2141 699 2183 additur.
719 2165 746 2174 -

67 2217 124 2257 Deus
138 2216 200 2270 igitur
212 2215 337 2267 mitissimus,
353 2215 444 2270 quamvis
459 2215 533 2256 ludaei
546 2216 597 2256 iram
611 2215 655 2255 eius
668 2227 746 2269 provo-

69 2294 154 2342 cassent,
169 2293 251 2343 paratus
267 2294 310 2330 erat
323 2304 406 2332 manum
416 2303 474 2331 suam
481 2290 585 2330 retrahere
595 2292 616 2330 et
621 2289 747 2343 rccipisoen-

68 2363 122 2405 tibns
136 2364 244 2418 ignoscere
260 2385 286 2394 -
305 2368 326 2405 at
340 2378 387 2419 spes
403 2378 449 2406 eum
463 2364 548 2404 frustata
563 2366 603 2416 est,
622 2362 653 2404 illi
667 2376 746 2405 summo

0 2467 7 2485 ,,
69 2437 136 2478 studio
150 2452 248 2491 perverse
264 2442 332 2492 agunt.
348 2461 375 2467 κ
404 2433 487 2489 uranu,
507 2450 588 2491 semper
602 2437 693 2479 retinens
707 2438 748 2479 vim

13 2532 18 2536 «
70 2510 180 2562 causalem,
201 2518 232 2554 est
245 2513 330 2567 proprie
344 2525 403 2555 mane
418 2512 495 2566 aliquid
508 2512 586 2564 facere,
606 2511 680 2552 deinde
695 2525 747 2566 quo-

70 2582 123 2622 niam
137 2584 172 2636 qui
187 2586 237 2638 quid
250 2587 391 2629 ardentissime
406 2589 474 2639 urget,
493 2599 553 2627 mane
567 2599 610 2626 rem
624 2584 747 2638 aggreditur,
781 2639 783 2646 y

71 2667 149 2697 summo
164 2658 232 2700 studio
248 2660 325 2715 aliquid
338 2663 412 2703 tacere.
435 2658 575 2714 Oonjunctum
585 2673 631 2702 cum
641 2659 706 2701 verbo
716 2671 749 2701 se-
