1792 3089
255 161 257 165 -
281 137 323 175 cia.
332 138 363 182 rr,
379 149 394 173 v.
407 135 434 174 ra.
447 134 474 173 15.
694 139 722 180 83
799 120 803 126 ’

20 227 23 231 Ἴ
39 245 206 298 interpretatione
225 247 393 295 commorata,
416 242 486 284 officio
504 244 576 282 nostro
596 241 720 282 satisfecisse

2 353 4 358 ,
39 322 143 371 putamus,
159 331 222 372 quum
236 316 292 370 qnod
304 316 394 358 Krama·
407 315 529 366 mirabatur,
544 314 646 355 neminem
656 313 722 375 Fabri

4 382 18 408 ³
38 393 123 445 vestigia
136 403 230 445 premere
243 390 345 442 voluisse,
365 390 419 431 haud
432 388 464 430 ita
474 389 549 430 mirum
563 387 662 429 videatur.

82 467 138 507 Haec
152 468 220 506 antem
235 463 346 518 descriptio
360 463 497 517 pulcherrime
515 461 627 516 opponitur
640 460 721 503 Ninivi-

38 544 105 581 tarum
118 539 186 587 luxui;
204 537 329 591 apparebant
344 537 397 578 enlm
412 539 433 578 in
447 537 527 591 palatiis
541 536 645 589 principes
659 535 720 577 nobi-

37 612 119 666 lesque,
135 602 274 653 audiebantur⁴
282 610 409 652 musicorum
424 614 537 652 concentus
553 609 579 650 ad
592 609 720 663 voluptatem

39 686 157 738 compositi,
175 683 492 738 >frequentabantur*magnatum
510 683 580 725 limina
599 695 623 723 ac
637 683 693 724 sores
707 695 720 722 a

38 757 156 810 clientibus,
174 757 299 811 hospitibus,
319 757 456 810 parasitis-
477 770 529 811 qnae
550 757 617 798 omnia
635 769 685 798 mox
698 756 720 796 in

38 830 174 872 tristissimam
188 831 261 872 faciem
276 830 460 872 commutabuntur.

55 920 57 922 ¹
81 918 100 946 v.
117 905 150 945 15.
174 906 231 946 Haec
245 910 275 945 ert
292 904 339 945 carba
353 905 391 946 itia
405 904 519 954 exsatians,
537 901 631 944 babitans
644 914 719 955 secoro,

15 986 17 989 '
39 978 106 1024 dibeas
120 980 143 1019 ia
157 978 216 1020 corda
230 992 277 1020 suo:
295 993 332 1033 ago
347 984 368 1020 ot
381 978 474 1033 itp‘ectas
488 978 530 1018 mei
542 977 642 1030 amplias!
668 977 720 1024 aaa·

39 1052 97 1093 inodo
112 1052 197 1093 redacta
210 1057 241 1093 est
254 1054 276 1093 ia
290 1055 416 1105 castitatem,
432 1052 497 1094 cubile
512 1050 587 1099 bestiis,¹
606 1052 672 1092 omair
684 1051 723 1105 qai

21 1127 156 1166 transiverit
175 1139 229 1176 eaor,
250 1125 348 1177 sibilabit,
368 1125 457 1179 agitabit
473 1139 558 1167 arrianam
576 1139 640 1167 suam.
670 1126 721 1166 Post

40 1199 167 1240 eversionem
185 1199 252 1251 urbis,
271 1213 332 1254 qnam
350 1200 423 1241 factam
441 1204 498 1241 vates
517 1199 579 1240 oculo
597 1199 720 1253 prophetico

41 1273 111 1325 cernit,
127 1273 186 1327 qnasi
200 1273 300 1314 insultans
314 1273 385 1314 ruinae
401 1274 444 1315 eius
458 1273 556 1328 loquitur.
587 1275 720 1326 Quantopere

39 1351 107 1388 autem
115 1347 241 1388 Judaeorum
255 1347 334 1387 animos
349 1347 483 1389 commoverit
496 1359 583 1387 necesse
594 1351 632 1398 est,
647 1346 720 1387 urbem

39 1419 101 1473 illam,
117 1420 209 1475 quamvis
225 1420 299 1474 opibus
314 1420 356 1461 suis
372 1421 424 1462 freta
438 1420 721 1462 conununihominumsorte
739 1453 741 1459 ,

2 1512 5 1516 ·
41 1499 155 1547 exemptam
174 1508 196 1535 se
210 1495 322 1548 putaverit,
341 1508 365 1535 ac
380 1494 398 1535 si
412 1495 495 1536 fundata
509 1494 571 1535 fuerit
588 1494 610 1535 in
624 1494 721 1547 nubibus,

39 1572 108 1609 tamen
122 1568 155 1609 dei
173 1582 256 1609 manum
274 1569 363 1621 effugere
377 1581 421 1609 non
434 1581 508 1622 posse,
528 1567 565 1608 sed
579 1567 607 1607 ita
618 1568 661 1619 jam
676 1582 721 1609 cer·

39 1646 81 1682 tam
99 1654 144 1682 esse
159 1642 319 1682 destructionem
338 1642 390 1693 eius,
409 1646 432 1683 nt
446 1641 563 1681 irrideatur!
578 1662 607 1669 -
634 1652 672 1683 nsi
690 1647 722 1684 est

41 1714 185 1755 enuntiationis
200 1715 320 1766 subjectum.
331 1736 360 1744 -
374 1711 447 1756 nobaia
459 1714 484 1755 cf.
493 1716 528 1765 III,
537 1714 563 1753 11
576 1717 596 1753 et
602 1713 643 1756 Jes.
651 1716 720 1767 XXII,

41 1788 60 1829 2.
74 1789 152 1840 XXIII,
162 1789 181 1828 7.
197 1789 275 1840 XXIV,
286 1789 305 1829 8.
320 1789 409 1839 XXXII,
419 1787 455 1838 133
469 1787 523 1828 laeto
538 1800 608 1828 rerum
622 1801 722 1831 successu
770 1798 772 1800 ·

40 1861 137 1914 gaudens,
153 1860 280 1915 superbiens,
297 1861 407 1902 exsultans.
419 1884 446 1892 -
461 1857 525 1905 nsua
541 1864 561 1901 et
569 1874 622 1915 quae
630 1875 722 1917 sequun-

40 1939 74 1974 tur
87 1934 163 1988 prioris
177 1934 303 1987 hemistichii,
319 1935 389 1975 eadem
403 1934 500 1988 leguntur
514 1934 556 1979 Jes.
565 1935 651 1988 XLVII,
667 1936 680 1977 8
695 1937 721 1977 de

41 2007 118 2066 Babele
133 2008 196 2058 dicta;
213 2009 323 2050 consensio
334 2005 395 2050 'tanta
410 2013 447 2062 est,
461 2007 497 2049 rix
510 2012 534 2049 nt
548 2008 637 2051 dubitari
648 2011 721 2064 possit,

43 2081 97 2136 quin,
113 2083 170 2136 quod
185 2082 244 2124 etiam
253 2084 358 2136 Hitaigias
369 2083 437 2125 lesaia
451 2096 471 2136 p.
481 2083 529 2135 529,
545 2084 657 2137 contendit,
672 2085 723 2127 alter

42 2155 142 2220 rationem
159 2156 253 2198 habuerit
270 2154 359 2199 alterins.
389 2157 460 2199 Verba
478 2162 547 2199 antem
564 2160 619 2213 apud
635 2161 723 2202 Jesaiam

42 2236 83 2270 tam
97 2244 144 2271 cum
158 2232 331 2284 arrtecedentibns,
346 2231 382 2273 ubi
393 2232 467 2273 dicitur
476 2233 541 2274 Babel
550 2247 593 2275 non
604 2234 723 2287 reposuisse

0 2298 2 2318 ³
42 2302 76 2344 illa
94 2304 115 2344 in
134 2305 197 2345 corde
212 2318 261 2357 suo,
281 2319 321 2347 nec
339 2306 456 2348 meminisse
470 2306 518 2348 finis
536 2307 611 2362 ipsius,
634 2321 723 2362 quorum

4 2392 8 2427 ’ᾗ
41 2378 107 2431 priori
121 2377 233 2432 respondet
247 2379 268 2420 id
283 2381 340 2434 quod
354 2380 402 2421 dicit
416 2381 438 2421 in
453 2382 526 2434 corde,
541 2381 654 2436 posteriori
666 2382 723 2437 quod

42 2464 85 2492 non
99 2452 196 2494 habitabit
208 2452 279 2503 vidna;
301 2468 362 2509 quam
380 2468 428 2495 cum
442 2456 587 2510 sequentibus,
607 2456 643 2497 ubi
661 2469 679 2497 v.
694 2455 723 2497 lo

0 2560 1 2563 ,
43 2528 150 2580 utramque
164 2527 285 2569 hemistichii
298 2533 377 2582 partem
391 2529 506 2571 accuratius
517 2531 611 2584 explicat,
625 2530 677 2570 adeo
687 2543 723 2571 eo-

42 2599 132 2652 haerent,
147 2602 169 2642 ut
177 2601 257 2643 Jesaiae
269 2604 354 2657 propria
366 2603 480 2644 videantur.
491 2602 594 2655 'Accedit
609 2603 724 2657 qnodusus

43 2673 100 2714 vocis
112 2683 150 2719 aar
161 2674 240 2716 Jesaiae
252 2678 363 2731 praecipue
374 2678 478 2731 frequens,
493 2677 609 2731 Zephaniae
618 2681 726 2731 praeterea

555 2745 568 2786 5
575 2746 588 2775 a
