1792 3089
343 160 386 194 Gar.
398 159 434 202 III,
446 172 461 194 v.
471 157 488 193 6.
727 160 755 200 99

36 272 38 274 ’
76 262 102 308 τὸ
117 264 187 322 κρῖμα
202 257 281 316 αὐτοῦ,
295 257 353 304 τοῦτ’
370 259 439 317 ἐστὶν,
455 254 543 318 ὄρθρου
557 271 581 300 τε
595 256 634 300 καὶ
649 255 755 316 ἐμφανῶς

17 323 25 385 :3
77 337 116 383 aori
130 332 160 388 ὡς
174 334 197 381 ἐν
210 330 283 395 ἡμέρᾳ
297 333 385 391 λοιπὸν,
401 330 476 380 οὐκέτι
491 329 616 377 συστέλλων
630 328 658 374 eol
667 331 708 391 τῆς
717 325 755 389 ὀρ-

76 414 126 472 γῆς,
145 406 195 455 ἀλλ’
212 405 245 461 εἰς
259 407 328 466 μέσον
343 403 411 468 Elyma,
431 407 470 453 καὶ
484 405 575 466 ἐμφανῆ
589 404 701 458 καθιστὰς
716 402 755 449 καὶ

77 479 125 530 οἷον
140 500 162 528 ev
177 490 233 542 οψει
246 482 321 535 τιθεὶς
334 481 363 528 τὰ
377 481 599 541 προεπηγγελμένα.“
613 492 706 527 -11111
721 480 754 526 nb.

77 562 197 615 Subjeetum
215 574 258 603 non
276 565 307 603 est
322 561 422 614 judicium
441 560 531 603 divinum
545 558 567 598 id
581 558 637 613 quod
651 556 756 599 111116191-

77 641 110 677 tur
124 636 199 677 indicat
213 637 250 677 scd
265 636 315 677 deus
329 636 380 689 ipse,
395 634 481 676 membri
487 632 626 675 antecedentis
633 632 754 685 subJectum.

76 709 189 750 Praeterito
209 709 253 750 sine
271 708 346 762 copula
363 712 421 750 vates
440 707 504 749 utitur
522 719 565 748 non
583 706 651 749 solum
668 706 755 759 (Ina.)

77 781 172 837 quoniam
186 781 294 834 explicatio
308 785 386 823 tantum
396 781 440 822 sine
451 780 554 834 cogitandi
561 793 675 835 progressu
685 780 755 821 adiici-

75 860 119 907 tur,
138 855 175 896 sed
190 855 286 908 quoniam
299 854 325 894 ad
339 854 485 908 experientiam
498 858 608 907 provocat,
628 866 668 908 qua
683 854 756 895 doctus

77 932 165 970 attentus
180 928 266 982 quisque
275 928 406 980 intellexerit,
421 928 482 969 deum
489 939 593 981 nunquam
603 926 678 979 officio,
693 928 755 969 immo

77 1006 162 1043 naturae
180 1014 229 1042 suae
244 1001 339 1043 defuisse.
369 1002 394 1043 cf.
408 1002 457 1042 Luc.
471 1001 545 1052 XXII,
561 1000 595 1042 35.
613 1023 640 1032 -
670 1001 757 1042 Tantum

76 1088 127 1117 vero
142 1074 205 1127 abest,
223 1078 246 1115 ut
258 1074 349 1128 populus
363 1074 450 1115 meliora
463 1074 549 1116 edoctus
559 1074 683 1127 emendetur,
698 1078 756 1116 utne

0 1205 2 1207 v
78 1150 185 1192 erubescat
204 1148 291 1203 quidem.
322 1146 361 1195 btv
378 1148 470 1204 iniquus,
492 1149 526 1191 cui
543 1148 638 1202 iniqnitas
656 1148 756 1203 quodam-

76 1225 138 1266 modo
153 1224 175 1265 in
189 1223 273 1265 alteram
286 1226 379 1266 naturam
394 1223 453 1277 abiit,
468 1223 580 1278 opponitur
589 1224 639 1277 deo,
654 1237 715 1278 quem
729 1237 756 1266 ne

76 1298 139 1340 ullam
154 1298 236 1353 quidem
249 1297 375 1352 iniquitatem
389 1298 457 1339 facere
470 1297 563 1341 vidimus.
589 1297 630 1338 Dei
643 1297 705 1351 igitur
720 1312 756 1339 ex-

77 1372 166 1426 emplum
180 1373 255 1414 frustra
273 1372 405 1426 proponitur,
426 1385 489 1427 qumn
506 1372 564 1415 nullo
578 1372 627 1414 tacti
640 1372 721 1425 pudore
735 1372 757 1414 in

76 1445 188 1489 sceleribus
203 1446 245 1487 suls
260 1449 399 1499 perseverent.

117 1521 170 1562 116.
193 1519 270 1561 Errant·
281 1525 360 1573 gattos,
378 1525 469 1561 casurae
483 1524 531 1561 saar
546 1524 614 1560 turres
627 1532 708 1571 aarum,
723 1520 756 1562 de*

3 1588 9 1610 “⁴
76 1595 141 1635 solaci
151 1594 230 1647 plateas
244 1606 320 1643 aarum,
335 1599 361 1634 ut
374 1606 432 1635 nomo
441 1598 542 1640 tractem,-
555 1592 632 1634 deletae
640 1592 756 1635 saararbas

77 1660 158 1716 carram,
173 1672 253 1707 utnon
267 1667 295 1706 a't
307 1666 349 1718 cir,
363 1671 389 1707 at
401 1680 443 1708 corz
456 1667 484 1707 sit
497 1666 570 1707 terrola.
595 1665 619 1705 Id
634 1667 690 1720 quod
704 1667 756 1709 deus
798 1704 800 1708 ,

78 1739 172 1793 exemplo
188 1752 225 1780 suo
240 1738 348 1793 proposito
363 1732 445 1794 assequi
458 1752 502 1780 non
511 1724 585 1792 potuit,
600 1751 684 1792 sperare
692 1753 756 1794 opor-

77 1813 138 1865 tebat,
153 1814 199 1854 foro
212 1812 316 1853 rit-ludaei
330 1812 410 1853 iudiciis
425 1812 497 1854 divinis
511 1813 533 1853 in
547 1811 591 1851 aliis
603 1812 698 1873 gentibus
708 1828 769 1868 spe-⁴

79 1887 137 1928 ctatis
152 1886 219 1928 aliena
233 1886 345 1928 calamitate
360 1886 506 1939 edocerentur,
521 1899 574 1941 quae
587 1886 673 1927 totidem
687 1901 756 1930 exem-

76 1961 111 2014 pla
124 1960 236 2015 praebebat
249 1961 306 2015 ipsos
320 1963 449 2003 revocatura.
465 1955 492 1993 —'
508 1971 550 2006 upa
565 1972 608 2001 non
623 1964 671 2001 sunt
684 1966 755 2015 gentes

77 2034 134 2088 illae,
149 2049 235 2091 quarum
250 2035 352 2077 excidium
366 2049 398 2089 cp.
408 2037 437 2089 ll,
451 2049 471 2078 v.
482 2033 559 2077 4-15
573 2034 665 2078 futurum
679 2035 757 2079 descri-

75 2112 133 2161 ptum
148 2113 188 2161 est,
202 2123 270 2165 neque
285 2110 345 2152 etiam
359 2110 430 2152 decem
443 2109 509 2152 tribus
523 2109 545 2151 in
560 2108 643 2152 exilium
658 2110 757 2154 deductae

77 2181 153 2234 (Grot.
174 2183 269 2236 Pheia),
294 2197 344 2239 quas
362 2188 420 2227 vates
439 2185 457 2226 si
474 2193 516 2230 nna
534 2184 670 2237 nominasset,
692 2187 757 2240 magis

77 2257 186 2311 perspicue
205 2258 326 2311 indicasset,
345 2260 382 2301 sed
400 2264 420 2301 et
437 2262 517 2301 veteres
532 2258 658 2300 Palaestinae
676 2259 758 2302 incolae

7 2330 13 2340 ¹
78 2334 98 2370 et
117 2344 188 2373 omnes
208 2332 291 2374 omnino
306 2337 388 2387 gentes,
408 2346 458 2388 quas
473 2332 544 2387 impias
560 2333 639 2394 excisas
654 2333 697 2386 jam
714 2338 758 2377 tum

77 2403 162 2445 historia
175 2406 230 2446 haud
243 2419 319 2460 paucas
335 2407 410 2448 docuit.
421 2430 447 2439 -
462 2416 524 2451 natan
539 2410 587 2448 sunt
596 2408 632 2462 qui
645 2410 759 2451 secundum
802 2431 803 2434 =

79 2475 125 2517 lud.
140 2479 190 2530 XX,
206 2480 224 2520 2.
239 2480 282 2522 Jes.
295 2482 353 2533 XIX,
369 2481 396 2521 13
410 2479 514 2535 principes
530 2494 576 2522 esse
589 2475 668 2536 putent,
683 2482 757 2537 quibus

78 2560 121 2588 non
135 2553 176 2590 tam
190 2557 291 2607 repugnat
304 2566 347 2595 vox
361 2552 426 2607 aaut,
442 2567 503 2609 quam
511 2555 616 2608 Hitsa'gt'us
631 2556 657 2596 de
670 2556 759 2598 homini-

77 2620 117 2661 bus
137 2621 210 2664 die-tam
225 2631 284 2678 putat
302 2641 345 2669 non
363 2627 411 2669 satis
425 2641 509 2681 gravem
524 2642 570 2670 esse
585 2643 648 2684 quum
661 2629 759 2672 attonitos

78 2698 156 2738 tantum
174 2696 259 2750 indicet,
279 2714 331 2756 quae
349 2706 417 2745 tamen
430 2702 472 2744 Jer¹
486 2702 525 2754 lV,
542 2703 555 2743 9
574 2702 599 2744 de
618 2703 760 2747 sacerdotibus

591 2771 604 2812 7
611 2771 625 2801 11
