1792 3089
351 223 352 226 ,
369 187 411 222 cir.
424 187 460 228 ur,
477 199 492 220 v,
505 184 537 222 13:
729 217 733 224 ..
747 187 791 234 115

16 335 22 359 ἐ
79 318 81 321 ν
112 296 153 336 rito
168 291 285 335 condicioni
299 291 346 331 huic
360 291 446 332 afflictae
461 301 577 344 repugnare
591 291 654 341 putat.
677 288 792 342 Etjsiquis

111 367 190 408 dubitet
205 366 230 406 de
246 364 388 417 explicationis
402 369 485 406 nostrae
499 362 600 412 firmitate,
615 361 705 402 veritatis
720 366 793 403 testem

111 441 244 494 producimus
263 437 379 478 universam
397 437 502 482 historiam
522 431 626 488 ἐκλογῆς,
645 448 697 488 quae
715 434 793 474 iudea

111 513 182 567 primis
197 512 237 552 illis
252 517 301 564 post
317 511 452 564 captivitatem
466 509 613 563 Babylonicam
628 507 726 561 reliquiis,
741 521 792 561 apo-
828 495 830 497 ‚

55 615 56 618 ,
112 585 214 627 stolorum
232 589 334 638 tempore,
356 585 417 625 immo
436 585 535 625 ecclesiae
555 585 608 623 statu
625 581 723 622 militante
740 581 792 621 vatis

113 659 194 699 effatum
208 672 311 711 nunquam
326 671 369 698 non
383 662 449 697 ratum
464 658 527 698 fuisse
540 654 620 709 probat
635 653 740 704 rQuamvis
750 653 793 707 igi·
826 709 829 711 ι

112 736 146 772 tur
161 731 188 771 sit
201 732 250 771 Luc⁴
261 733 311 781 XII,
331 731 358 771 32
373 725 453 783 μίκρον
467 720 667 780 pulmentarium
686 727 793 767 confidunt

112 803 212 853 Jehome,
228 792 253 849 ὃς
268 795 388 856 εὐδόκησεν
403 798 481 840 δοῦναι
495 793 573 847 αὐτοῖς
586 794 626 853 τὴν
640 794 764 850 βασίλειαν.

155 889 174 916 v.
186 876 218 916 13.
244 876 351 928 Reliquiae
360 875 441 915 Israelis
454 886 496 914 νον
504 873 593 927 facient
606 873 742 924 iniquitatem,
756 885 794 912 nee

113 949 222 1002 loquentur
239 949 377 998 mendacium,
397 962 435 988 nec
452 948 567 1000 reperietur
583 947 606 985 ia
620 958 655 985 ore
670 957 740 985 eornm
754 945 795 985 lire·
845 959 847 965 ·

111 1035 157 1074 gea
164 1020 264 1074 sacratis,¹
281 1023 356 1061 etenim
373 1021 414 1073 ipsi
427 1025 539 1072 pascentur
557 1025 577 1059 et
591 1017 718 1059 recubabant
730 1031 795 1070 neque

49 1093 50 1096 '
110 1096 154 1142 ¹erit
168 1096 204 1147 prii
217 1099 300 1134 terreat.
321 1093 430 1145 Descripta
444 1092 582 1146 reliquiarum,
591 1105 639 1144 erga
653 1091 795 1144 deumpietate

114 1167 153 1207 iam
168 1167 277 1220 respicitur
291 1166 354 1207 altera
365 1166 416 1218 legis
430 1165 499 1205 tabula
511 1169 532 1206 ct
542 1165 635 1218 sequitur
647 1165 725 1206 fructus
739 1164 794 1213 fidet,

117 1253 177 1294 quem
192 1240 275 1288 iaciant,
296 1240 391 1281 sanctitas
408 1239 462 1280 vitae
480 1239 501 1279 in
520 1238 578 1278 factis
597 1242 617 1278 et
634 1238 713 1289 verbis,
733 1243 794 1291 atque

115 1314 177 1353 finem
194 1312 280 1366 imponit
300 1325 360 1352 causa
379 1311 501 1362 certissima,
525 1324 565 1364 qua
583 1311 683 1364 populum
701 1314 794 1351 sanctum

116 1399 162 1427 esse
177 1386 334 1426 demonstratur.
349 1408 376 1415 -
395 1385 457 1435 Quod
476 1397 577 1424 summum
594 1384 711 1424 hominibus
726 1397 795 1424 enem-

116 1459 173 1511 pInm
192 1459 280 1499 iustitiae
301 1460 344 1497 erat
361 1457 491 1509 propositum
509 1458 561 1506 v.5,
577 1457 617 1496 hoe
635 1456 735 1510 reliquiae
749 1456 796 1497 illae

101 1585 104 1592 r
117 1530 238 1584 superstites
252 1535 358 1571 assecutae
373 1535 430 1579 snnt;
450 1530 506 1584 quod
520 1529 574 1569 idem
590 1529 736 1579 lioliflllsti
751 1525 797 1577 πᾶς

116 1598 129 1644 ὁ
140 1598 296 1657 γεγεννημένος
307 1598 331 1642 ἐκ
342 1601 383 1642 νοῦ
399 1599 456 1642 θεοῦ
470 1594 583 1657 ἁμαρτίαν
596 1593 624 1641 οὗ
637 1600 707 1643 ποιεῖ,
715 1624 744 1650 -,
755 1603 796 1643 Ve-

117 1691 163 1717 rum
183 1676 243 1715 etiam
262 1675 330 1714 verbis
348 1674 395 1727 pios
414 1688 437 1714 se
456 1675 606 1725 demonstrant,
622 1688 685 1728 quum
700 1675 796 1728 quicum

118 1750 157 1791 deo
171 1762 221 1789 vere
235 1748 261 1789 sit
276 1747 406 1798 coniunctus,
421 1747 446 1787 ab
461 1748 517 1787 omni
529 1748 600 1787 fraude
616 1751 677 1800 atque
688 1748 796 1788 mendacio

118 1821 218 1863 abstineat
231 1834 317 1861 necesse
332 1821 363 1861 sit.
394 1821 419 1860 cl.
434 1821 475 1861 Jea.
486 1821 541 1871 LIII,
557 1822 580 1871 9,
595 1820 631 1860 ubi
646 1833 719 1861 servus
733 1820 797 1861 Jelio-

118 1909 156 1937 vae
177 1893 309 1947 reliquiarum
327 1907 374 1946 spes
393 1898 453 1947 atque
472 1894 547 1934 fiducia
566 1893 646 1933 ratione
665 1893 727 1935 simili
744 1893 796 1935 vatis

119 1968 180 2010 oculo
199 1966 328 2017 obversatur,
348 1969 395 2006 eti
407 1968 464 2007 Petn
474 1967 501 2017 ΙΙ,
520 1968 554 2007 23.
577 1966 645 2019 lrlpoc.
656 1967 718 2017 XIV,
734 1968 754 2007 5.
770 1989 797 1995 —

117 2040 226 2083 Difficilior
240 2043 271 2079 est
286 2038 394 2092 explicatio
408 2039 467 2080 vocis
481 2051 513 2089 πῖ),
530 2053 589 2092 quam
607 2039 700 2090 Gratias,
719 2041 799 2081 Herai-

117 2116 165 2169 ἕνον
184 2114 343 2165 interpretantur
357 2112 413 2159 idco,
433 2117 553 2165 propterca,
571 2114 685 2166 Emptas,
704 2113 799 2163 Mamer,

120 2187 216 2229 nitatem
231 2186 273 2225 sed.
300 2185 407 2225 llIeliorem
421 2190 482 2239 atque
496 2186 597 2238 aptiorem
610 2187 800 2239 interpretationem

119 2261 195 2301 indicat
214 2258 281 2301 Cala:
300 2247 422 2316 „Sumptum
441 2263 506 2298 auteur
526 2261 566 2301 hoc
586 2265 618 2301 cst
637 2260 733 2312 exlege,
753 2260 800 2313 quia

119 2335 173 2374 inter
187 2332 236 2372 alias
248 2329 405 2375 ,benedictiones
420 2333 470 2372 haec
488 2334 582 2384 ponitur,
603 2334 659 2388 quod
675 2334 725 2374 dens
740 2346 800 2374 secu-

109 2421 163 2457 ram
181 2405 242 2460 vitam
260 2406 371 2458 praestabit
389 2406 488 2458 populo.“
522 2407 592 2447 Verba
610 2407 666 2449 euim,
681 2410 753 2448 nostra
770 2406 801 2447 le-

120 2484 196 2534 guntur
210 2481 258 2520 Lev.
267 2479 348 2530 XXVI⁷
364 2480 377 2519 6
392 2479 413 2519 in
422 2479 589 2521 benedictionum
602 2481 675 2521 ordine
687 2480 726 2520 iam
739 2493 802 2533 supra

121 2553 206 2603 collat0,
221 2553 276 2593 unde
290 2553 311 2592 in
325 2552 384 2596 locos
400 2566 473 2593 omnes
487 2552 598 2605 parallelos
613 2554 744 2594 transierunt.
774 2553 802 2594 At

120 2638 171 2666 vero
186 2625 221 2665 ubi
236 2625 351 2667 benedictio
367 2627 449 2679 impleta
464 2630 501 2676 est,
516 2626 544 2666 ibi
560 2628 661 2681 siquidem
674 2627 724 2667 deus
736 2626 802 2667 iustus

122 2702 162 2751 est,
178 2699 273 2741 condicio
289 2701 425 2753 praecesserit
439 2704 531 2753 oportet,
547 2713 611 2754 quare
626 2701 679 2741 sicut
692 2703 752 2741 antea
765 2700 803 2740 mi-

634 2773 647 2812 g
654 2769 667 2797 a
