1792 3089
136 138 175 176 vm
400 130 546 167 Pncnneournn.

137 251 157 289 p.
164 237 205 276 402
215 240 235 277 et
246 235 368 296 Clementem
375 235 539 277 Alexandrinum
548 236 643 278 Strounn.
649 238 674 289 V,
685 251 706 291 p.
713 237 754 278 585
769 251 815 279 ora-

138 308 184 349 cula
191 309 235 350 eius
247 309 364 350 derivantur
373 310 496 362 apocrypha.
517 310 564 349 Hoc
571 296 648 351 tantum
658 314 752 352 constare
759 312 827 362 vide--

137 386 177 432 tur,
188 395 234 422 euin
245 382 267 422 in
277 395 341 435 reguo
349 382 415 423 dudae
426 385 487 436 atque
495 382 643 436 Hierosolymis
653 388 756 425 versatum
765 398 817 436 esse,

139 455 160 494 id
174 455 229 508 quod
239 454 314 508 probat
331 462 351 495 et
361 454 458 495 allocutio
470 455 510 506 111,
524 456 536 495 1
552 459 571 495 et
583 455 706 508 supplicium
720 459 737 508 l,
753 460 767 497 4
781 472 817 498 au-

138 528 265 576 nunciatum
281 527 375 568 distincte
386 526 439 568 euim
453 527 550 568 describit
560 528 617 569 urbis
627 528 688 569 situm
699 534 719 570 et
729 530 818 571 hostium

139 601 236 654 impetum
248 601 385 655 propinquius
396 600 528 641 accedentem
542 601 600 655 quasi
611 601 674 655 digito
687 607 792 644 monstrat.

450 729 469 787 ς.
484 731 504 771 2.

183 820 317 861 Accuratiora
334 824 382 861 sunt
401 834 452 875 quae
472 821 497 861 de
512 823 576 859 aetate
596 818 640 861 eius
654 819 703 861 licet
716 820 818 872 indagare,

142 891 196 931 edita
215 893 268 933 eninr
289 897 337 934 sunt
354 893 438 934 oracula
460 897 553 946 tempore
573 892 652 944 Josiae,
674 892 728 945 regis
746 893 819 941 dudae,

142 964 275 1007 ola—611.
304 966 374 1006 dosiae
392 970 459 1006 autem
477 965 584 1019 imperium
602 978 708 1006 sacrorum
726 967 820 1007 emenda-

142 1036 197 1077 tione
215 1051 269 1078 anno
288 1039 347 1092 regni
364 1038 429 1091 ipsius
444 1038 523 1079 decimo
542 1042 616 1079 octavo
635 1039 677 1077 624
694 1039 785 1080 instituta
799 1040 820 1080 in

143 1109 193 1167 duas
209 1111 305 1152 dividitur
319 1114 398 1164 partes,
414 1123 500 1164 quarum
514 1110 619 1164 quaeritur
632 1114 700 1152 utrum
714 1110 780 1164 priori
794 1125 820 1152 an

142 1183 253 1235 posteriori
264 1183 359 1224 vaticinia
369 1183 477 1223 tribuenda
491 1183 542 1232 sint3
557 1183 608 1224 illud
618 1183 733 1224 existimant
744 1183 821 1234 Banu,

145 1256 216 1305 Tarm,
230 1255 306 1306 datu,
321 1254 395 1305 Knot„
409 1257 474 1306 Istra„
488 1255 514 1296 de
532 1256 600 1306 ttsett„
614 1257 665 1306 Em,
678 1256 719 1296 hoc
733 1256 822 1308 probant

146 1327 226 1386 Carpe,
240 1329 319 1377 nictu,
334 1328 413 1374 Bertle„
428 1329 507 1376 Hercu,
525 1328 595 1368 Thetu.
624 1329 738 1370 Posteriori
751 1329 821 1370 Josiae

144 1401 233 1453 tempori
246 1401 341 1441 vaticinia
359 1400 487 1451 adscribunt,
503 1399 526 1450 t)
541 1400 638 1453 quoniam
651 1397 707 1442 'tuan
722 1398 769 1441 nun}
787 1416 822 1443 re-

142 1473 219 1526 liquiae
226 1473 294 1514 Baalis
305 1473 405 1514 nominari
415 1486 457 1513 non
468 1472 549 1525 possint
558 1473 599 1513 nisi
610 1473 750 1514 emendatione
763 1475 821 1517 facta.

144 1547 250 1588 Faciamus
263 1550 331 1587 autem
344 1546 413 1587 verbis
431 1545 472 1585 illis
487 1544 572 1585 indicari
589 1545 686 1600 reliquias
704 1547 773 1588 Baalis
787 1561 822 1589 su-

144 1619 247 1671 perstites,
262 1623 382 1671 argumento
397 1622 464 1658 tamen
478 1623 584 1671 repugnat,
603 1618 659 1672 quod
672 1618 749 1672 duplex
760 1621 823 1661 tradi-

144 1697 178 1732 tur
197 1705 302 1733 sacrorum
322 1691 435 1732 emendatio
453 1691 478 1731 cl.
494 1691 598 1731 Moderati
616 1690 708 1731 Chronilr
725 1706 770 1745 pag.
781 1695 823 1734 334

145 1765 227 1805 -336.
256 1764 309 1804 Sunt
327 1765 381 1804 enim
399 1768 442 1805 tres
461 1764 612 1817 quodammodo
631 1764 690 1815 regni
703 1764 773 1805 Josiae
787 1779 824 1818 pe·
863 1767 864 1770 ’

144 1837 207 1888 riodi,
222 1837 288 1890 prima
303 1850 369 1891 usque
383 1837 410 1876 ad
424 1849 500 1877 anuum
513 1836 572 1888 regni
587 1836 735 1886 duodecimum,
751 1838 827 1877 642-‘

145 1911 197 1959 630,
217 1923 257 1963 qua
271 1910 315 1962 ipse
331 1910 412 1964 quidem
427 1908 492 1950 cultui
506 1909 597 1949 Jelrovee
613 1908 705 1948 addictus
720 1909 769 1956 fuit,
787 1924 825 1963 po-

145 1969 207 2035 pulus
225 1982 281 2022 idola
303 1982 376 2032 coluit3
399 1982 498 2033 secunda,
523 1981 562 2035 qua
581 1980 726 2022 reformatione
745 1982 826 2036 incepta

140 2056 236 2095 ..lelrovae
247 2057 308 2108 atque
317 2054 421 2095 idolorum
431 2055 498 2096 cultus
509 2055 631 2095 coniunctus
641 2053 684 2104 luit,
696 2055 825 2104 630—624;

145 2128 214 2178 tertia,
234 2141 274 2181 qua
293 2140 319 2167 ex
338 2140 392 2168 anno
412 2127 490 2168 decimo
510 2131 583 2168 octavo
602 2126 684 2179 publice
703 2126 774 2166 saltem
790 2128 826 2167 Je-

145 2201 199 2241 hova
214 2200 272 2241 solus
288 2203 319 2239 est
329 2199 411 2250 cultus,
427 2200 554 2240 oar-611.
580 2199 659 2253 Quibus
674 2199 765 2251 periodis
780 2214 827 2241 cum

146 2273 198 2313 vatis
212 2272 279 2314 nostri
293 2271 361 2313 verbis
377 2273 510 2325 comparatis,
525 2271 624 2325 reliquiae
638 2270 720 2321 Baalis‚.
735 2274 826 2325 quamvis

145 2350 194 2398 post
212 2345 374 2386 emendationem
393 2346 503 2386 secundam
523 2357 557 2385 eas
576 2356 619 2384 non
636 2356 723 2395 prorsus
738 2345 828 2401 dedisse

146 2418 249 2458 tercurtae.
265 2418 359 2458 vaticinia
379 2418 475 2467 doceant,
495 2421 562 2457 tamen
583 2417 649 2469 aptius
668 2415 726 2456 alteri
741 2419 827 2470 periodo
894 2465 895 2468 Ἴ

146 2491 269 2539 tribuuntur,
285 2490 320 2530 ubi
335 2491 368 2530 rel
383 2491 478 2543 publicus
493 2489 596 2529 idolorum
611 2489 678 2529 cultus
692 2489 763 2542 viguit.
786 2492 828 2531 Ve-

147 2578 191 2604 rurn
207 2563 261 2604 enim
276 2577 326 2618 vero
342 2564 438 2603 Eruoldus
452 2563 493 2602 viru
502 2561 615 2614 argumenti
628 2563 687 2603 liuius
700 2576 739 2603 usu
752 2565 830 2617 recepti

147 2634 233 2689 prorsus
257 2636 335 2677 evertit.
376 2636 482 2688 Reliquiae
506 2636 558 2675 enirn
578 2618 645 2675 Baulis
668 2635 830 2688 interpretandae
