1792 3089
274 680 518 767 fcirurn.

65 916 216 990 Dissentinnt
235 948 368 1001 interpretes,
392 961 433 1003 qno
454 947 517 989 inodo
539 961 571 1001 cp.
591 952 685 991 nostrum
700 965 746 994 cum

65 1018 199 1074 praecedente
216 1017 243 1058 sit
261 1021 398 1069 conjunctum.
428 1018 526 1068 Quamvis
542 1018 596 1059 enim
611 1019 705 1061 obsoleta
719 1022 746 1062 sit

66 1108 89 1134 ea
101 1090 206 1141 sententia,
222 1090 279 1131 cuius
289 1090 337 1149 clim
343 1094 465 1144 pervagatae
476 1091 531 1144 apud
542 1091 669 1133 Theodorum
676 1093 744 1147 Mops.

64 1165 148 1218 vestigia
168 1163 348 1216 deprehendimus,
368 1177 420 1218 quae
434 1164 513 1205 initium
529 1164 599 1217 cepitis
614 1166 640 1206 ad
653 1165 744 1208 Niniven

64 1239 150 1280 relatum
163 1236 227 1277 verba
241 1236 343 1277 irridentis
358 1250 424 1291 nsque
434 1237 460 1278 ad
469 1250 489 1278 v.
498 1239 510 1279 7
521 1238 627 1279 continere
636 1238 743 1291 existimet,

64 1315 146 1354 fuerunt
163 1314 231 1351 tamen
249 1310 303 1350 haud
320 1309 391 1363 pauci,
412 1323 455 1350 non
468 1311 531 1352 modo
549 1309 652 1361 Cocceius,
671 1325 744 1354 verum
774 1329 776 1332 ’

64 1386 124 1427 etiam
143 1383 268 1434 Tornooo'os,
288 1382 407 1433 Marcidus,
425 1383 542 1434 Michaelis,
563 1384 599 1438 qui
616 1388 683 1426 vatem
700 1399 744 1427 uno

65 1464 125 1513 atque
143 1461 244 1512 perpetuo
259 1460 332 1498 tenore
352 1469 468 1499 sermonem
487 1457 607 1499 continuare
624 1459 672 1510 rati,
691 1472 744 1514 quae

17 1586 19 1589 ι
60 1535 102 1585 Jarn
116 1532 254 1586 proferantur,
270 1531 295 1571 ad
305 1530 376 1583 tempii
390 1531 476 1572 secundi
483 1534 576 1584 tempora
583 1532 679 1583 referant,
694 1545 744 1587 sup-

62 1605 145 1660 plicium
160 1605 186 1645 ad
199 1605 340 1645 Romanorum
353 1604 467 1657 imperium,
484 1604 570 1645 salutem
584 1605 610 1645 ad
621 1604 698 1646 Christi
711 1607 743 1647 in-

63 1679 209 1729 carnationem,
229 1677 287 1719 cuius
301 1681 370 1730 partes
385 1676 475 1731 singulas
494 1677 558 1730 magis
573 1677 667 1721 minusve
681 1692 743 1721 accu-

62 1756 105 1793 rate
121 1751 242 1805 significatas
257 1751 385 1793 invenerunt.
409 1750 437 1792 At
449 1750 540 1792 rationes
552 1764 624 1793 eorum
630 1752 743 1809 pleraeque

62 1825 112 1866 falsa
126 1824 275 1866 vaticinationis
289 1825 374 1867 notione
389 1824 488 1875 nituntur,
504 1838 566 1879 quum
581 1838 633 1880 quae
645 1826 670 1867 de
682 1826 742 1868 felice

62 1898 150 1940 Messiae
164 1911 229 1953 regno
243 1899 383 1952 proterantur,
401 1901 450 1952 post
464 1897 591 1940 eversionem
605 1898 661 1941 illam
675 1900 743 1941 statim

63 1973 157 2014 omnibns
172 1986 198 2013 ex
211 1972 303 2026 partibus
317 1968 421 2025 implenda
436 1984 482 2013 esse
497 1971 619 2014 existiment.
644 1971 691 2015 Nos
705 1986 742 2015 an-

62 2050 103 2087 tem
121 2060 188 2101 snpra,
200 2045 296 2096 vidimus,
319 2049 388 2087 vatum
406 2045 472 2087 oculis
489 2049 570 2100 tempus
588 2058 653 2099 regno
673 2045 742 2088 divino

63 2120 153 2161 futurum
168 2133 193 2161 eo
211 2118 329 2172 spectaculo
344 2119 476 2173 apparuisse,
495 2123 519 2161 ut
532 2122 649 2173 temporum
662 2119 743 2162 ratione

62 2206 109 2234 raro
124 2194 249 2234 habitarem
263 2195 341 2233 tantum
354 2199 506 2246 p1·0ponerent;
528 2206 592 2248 qnare
606 2206 645 2236 nos
660 2193 743 2249 quidem

17 2280 37 2361 ,p
62 2279 105 2308 non
123 2267 215 2318 offendit,
236 2267 396 2307 destructionem
413 2266 606 2319 Hierosolymorum
623 2280 662 2321 per
680 2266 742 2309 Chal-

18 2335 19 2344 *
62 2339 124 2382 dacos
133 2341 206 2382 tectam
216 2339 274 2395 sequi
285 2340 375 2394 gentium
383 2340 551 2391 conversionem,
567 2341 680 2383 destructio
690 2341 743 2382 enim

12 2337 33 2567 ‘d
62 2412 144 2455 iilat
112 2418 149 2455 est-
147 2427 204 2467 pars
220 2414 319 2469 quaedam
332 2413 369 2455 ult
355 2416 415 2454 timae
427 2413 524 2456 destruct
511 2415 579 2467 tronis,
595 2428 647 2470 quoe
656 2415 744 2455 adducet

23 2469 36 2535 ‘d
63 2488 220 2529 couversionem
234 2489 333 2542 gentium,
354 2491 453 2543 quaemus
467 2501 505 2542 per
518 2488 575 2543 ipsas
588 2487 743 2540 licet‚t-perfec

61 2566 112 2609 tam3
129 2573 168 2601 nec
182 2562 249 2604 mimis
263 2576 378 2615 paucorum
392 2565 440 2615 post
454 2562 592 2604 israelitarum
606 2561 700 2614 captivitat
701 2564 742 2601 tem

63 2634 171 2677 conversio
183 2635 295 2687 perfectam
302 2636 358 2678 illam
366 2636 424 2691 quasi
433 2637 549 2691 annunciet,
563 2637 676 2690 praeparat.
663 2634 742 2675 t-Ve
