1792 3089
181 138 222 179 tra
420 132 462 167 oia.
474 131 510 174 m,
524 144 540 167 v.
552 131 621 169 a-ra

182 238 259 279 deinde·
269 237 369 279 sententia
379 241 427 291 post
439 238 595 279 conversionem
609 251 628 278 v.
637 238 650 277 9
665 240 795 278 memoratam
805 238 859 279 haud

181 313 209 353 ita
223 312 290 366 gravis
305 315 345 361 est;
360 316 404 352 tum
417 311 527 364 praecipue
541 312 645 353 Israelitae
659 312 680 353 in
694 312 788 365 patriam,
803 311 858 352 unde

182 386 262 440 expulsi
273 390 321 427 sunt
331 390 351 427 et
363 398 403 440 quo
416 386 503 434 reduces
517 398 553 426 eos
566 386 658 427 videmus
669 399 688 426 v.
699 385 800 437 11-13,
816 398 859 425 non

181 460 313 501 reducuntur.
350 458 420 500 Altera
441 458 502 511 igitur
519 459 659 512 interpretatio
679 460 743 500 foret:
768 459 860 500 cultores·

181 534 221 574 mei
235 534 340 586 dispersos
354 546 412 574 meos
427 532 511 572 afferent
525 532 647 574 sacrificium
661 546 737 582 nreum3
757 539 777 573 at
792 532 858 573 culto-

180 621 213 649 res
233 610 293 661 atque
313 606 400 660 dispersi
414 611 454 647 tam
474 609 529 657 arcte
544 607 647 647 oouiuuoti
662 611 719 657 sunt,
738 607 774 647 rix
788 611 811 647 ut
825 620 857 647 se-

180 681 260 734 gregari
274 680 361 734 possint,
376 680 413 721 sed
427 684 456 731 ut,
471 679 492 720 id
505 680 560 733 quod
571 681 676 734 Hitm'ga'us
689 681 755 731 docet,
770 680 858 733 dispersi

180 754 315 808 appositionis
327 754 375 795 loeo
390 767 436 795 euru
447 753 560 794 cultoribus
573 754 710 808 coniungendi
720 754 765 795 sint.
787 754 858 795 Restat

181 829 269 883 denique
280 841 303 869 ea
313 828 417 879 sententia,
434 840 502 881 quam.
510 827 579 869 Clrcrlcl.
588 828 651 879 affert,
666 828 690 869 de
710 829 796 871 asemas
807 842 857 881 pro-

179 902 224 945 bat:
244 888 334 944 cultores
349 914 416 952 meos,
438 901 542 954 dispersos
561 914 617 941 meos
637 901 722 941 offerent
737 902 859 951 saorifioium

180 990 253 1032 meum.
269 1001 296 1008 -—
311 976 337 1016 Et
351 973 475 1027 haoquidem
487 974 565 1014 ratione
577 986 623 1015 eum
634 974 797 1017 confirmavimus
809 988 856 1017 rer-

180 1063 239 1091 suum
254 1050 332 1091 8-10
347 1062 431 1098 nexum,
451 1060 511 1101 quem
526 1060 588 1100 supra
601 1048 757 1101 proposuimus;
775 1049 857 1095 Israeli-

178 1128 209 1165 tas
225 1123 279 1164 enim
293 1122 404 1173 admoueri,
419 1124 442 1161 ut
457 1120 496 1161 deo
512 1120 622 1173 confidant,
637 1122 734 1175 quoniam
747 1123 856 1175 puniturus

179 1198 206 1251 sit
220 1202 297 1251 gentes,
312 1195 395 1250 punitae
410 1195 567 1248 convertendae,
583 1208 695 1238 conversae
708 1196 811 1239 Israelitas
826 1198 857 1238 di-

175 1275 263 1326 spersos
277 1272 399 1312 reducturae
414 1268 461 1312 sint.

221 1360 241 1387 u.
257 1346 291 1387 td.
320 1346 361 1386 Die
378 1344 413 1385 illo
432 1357 474 1384 aon
487 1341 574 1398 pudebit
592 1349 611 1384 aa
629 1344 720 1385 onmium
732 1345 857 1399 facinorum

180 1424 272 1471 tuorum,
287 1417 358 1472 quibas
367 1417 513 1471 praevaricato
526 1431 546 1458 ea
560 1422 633 1458 eontra
645 1431 687 1467 me,
701 1431 751 1459 raom
765 1424 809 1459 taam
823 1433 857 1460 re-

179 1492 258 1534 movebo
273 1506 284 1532 e
298 1493 363 1533 allodio
379 1494 412 1532 tui
424 1491 548 1532 aestuamus
555 1491 665 1545 fastuosus
679 1496 733 1542 tuos,
751 1505 788 1533 mec
802 1493 857 1533 deta-

179 1578 223 1618 oepr
237 1565 324 1618 oramina
338 1564 412 1617 fferes
422 1569 446 1604 'te
455 1565 478 1604 a'n
487 1570 555 1605 naoate
565 1578 609 1605 meo
622 1569 697 1605 sancto.
719 1565 781 1606 Aetas
792 1567 857 1606 Israe-

178 1638 219 1680 litis
233 1638 350 1680 felioissima
363 1643 434 1691 parata
448 1642 488 1688 est‘,
508 1638 601 1692 sequitur
618 1638 658 1678 iam
675 1637 725 1679 novi
743 1641 807 1680 status
822 1639 858 1680 de-

180 1712 275 1765 scriptio,
294 1712 341 1753 inde
356 1712 465 1765 iucipiens,
485 1712 541 1766 quod
556 1712 628 1753 sordes
644 1711 692 1752 olim
707 1724 743 1753 eos
759 1713 857 1753 contami-

145 1836 147 1839 ,
177 1790 250 1828 nantes
268 1789 359 1827 remotae
379 1791 432 1827 sunt.
461 1786 543 1827 Novam
561 1785 661 1827 sermonis
675 1789 753 1838 partem
767 1786 857 1828 indicant

177 1860 241 1901 verba
255 1870 310 1905 arun
324 1869 379 1911 aasz,
395 1874 447 1914 quae
463 1861 523 1900 etiam
536 1860 558 1900 in
568 1860 635 1912 primo
648 1859 713 1912 eapite
724 1872 801 1901 novum
813 1873 857 1901 ser*

177 1934 244 1975 monis
259 1932 339 1974 initium
354 1933 493 1983 declarabant3
513 1946 565 1987 quae
579 1933 605 1973 ad
619 1933 660 1974 v.8
676 1932 738 1985 diem,
754 1947 795 1988 quo
811 1948 857 1976 sur-

178 2012 211 2060 gat
221 2007 271 2048 deus
282 2007 308 2047 ad
319 2009 425 2060 praedam,
440 2008 508 2048 redire
522 2011 604 2060 cogunt.
626 2006 689 2047 Vates
701 2019 751 2048 vero
764 2002 857 2062 ἐκλογὴν

178 2081 269 2122 secunda
282 2093 372 2132 persona
386 2081 498 2132 allocutus,
515 2094 567 2135 quae
581 2080 629 2121 inde
643 2080 668 2120 ab
683 2080 741 2122 initio
755 2094 828 2122 versus
843 2083 856 2123 8

179 2155 232 2196 diota
247 2158 304 2206 sunt,
321 2155 471 2208 quodammodo
486 2155 593 2206 interjecta
607 2158 683 2195 tantum
700 2168 746 2195 esse
761 2154 856 2206 ostendit,

177 2233 200 2269 ut
214 2227 325 2279 israelitae,
340 2228 361 2268 in
376 2242 417 2283 quo
432 2228 472 2269 iam
486 2233 595 2270 uersentur
609 2241 678 2268 rerum
693 2227 815 2280 discrimine,
826 2227 857 2268 'ad

178 2315 276 2343 summanr
283 2302 335 2342 hane
342 2300 458 2343 felicitatem
466 2302 539 2343 oeulos
546 2301 628 2343 valeant
637 2302 722 2356 erigere.
746 2301 812 2346 aurun
822 2297 855 2343 at.

177 2389 221 2418 nou
239 2375 354 2429 pudefient,
378 2376 507 2418 nonsolum
528 2376 642 2417 seeundum
659 2375 821 2417 Bosamnuellera'
838 2377 858 2415 et

177 2451 276 2492 adamari
288 2449 416 2502 sententiam,
433 2452 489 2505 quod
503 2464 546 2492 non
561 2450 635 2491 faciant
649 2450 699 2501 tale,
716 2448 775 2503 quale
789 2449 858 2490 hacte-

178 2538 217 2567 uus
232 2526 331 2575 fecerunt,
347 2523 373 2564 ob
389 2525 445 2578 quod
458 2525 537 2579 pudere
553 2524 648 2572 debeant;
664 2524 701 2564 sed
716 2536 741 2564 ex
755 2536 810 2564 nora
823 2522 858 2564 illa

178 2600 243 2640 Zione
258 2598 325 2640 omnia
335 2603 419 2652 peecata
431 2604 491 2641 erunt
502 2603 590 2650 remota,
606 2597 679 2639 sublati
689 2597 742 2639 eninr
753 2602 800 2639 sunt
809 2611 858 2652 pee-

178 2678 258 2715 oatores
274 2677 295 2715 et
310 2673 344 2728 qui
360 2678 470 2726 remanent,
486 2676 534 2715 suut
548 2672 620 2724 sarroti,
635 2672 660 2714 of.
675 2672 716 2715 des.
725 2674 769 2725 LX,
785 2672 822 2713 2¹1:
838 2675 858 2712 et
891 2721 892 2726 Ἰ
