1792 3089
321 147 436 211 ’111111
450 165 477 204 11,
688 140 691 143 “
717 169 747 210 ⁶9

62 277 113 316 duae
138 279 204 316 tamen
226 274 274 314 sunt
295 271 394 323 rationes,
418 283 470 325 quae
488 270 540 310 hano
557 269 746 323 interpretationem

62 350 127 391 solam
148 361 218 390 veram
240 357 285 385 esse
308 345 472 386 demonstrant'
491 344 582 383 Primum
604 344 658 385 enim
679 345 747 387 omnis

62 424 129 464 cultus
148 421 181 462 dei
199 420 220 460 in
238 418 354 460 sanctuario
374 419 418 459 eius
438 417 565 459 exhibendus
585 421 625 467 est,
649 418 670 458 id
689 419 746 472 quod

63 493 220 537 Deuteronomii
233 493 290 545 leges
310 492 383 547 crebro
402 492 506 533 lnculcant
524 496 545 532 11
559 492 568 530 I
583 491 666 542 Sami,
681 492 695 531 3
711 491 746 532 de-

16 582 17 621 j
63 568 142 618 scribit3
166 567 263 621 quocirca
281 566 320 607 nisi
341 569 396 607 carta
411 565 502 606 definitio
522 564 647 606 contrarium
664 564 746 622 probet,

2 628 7 647 ⁵
21 659 29 687 ,2
63 642 96 682 dei
113 639 204 682 adoratio
223 639 312 692 legitima
331 638 480 691 Hierosolymis
503 639 573 680 locum
592 638 659 680 habet.
698 641 745 691 Quo

20 697 28 747 f
63 713 151 764 accedit,
171 713 227 766 qnod
241 714 353 766 prophetae
368 724 450 761 omnes,
469 712 576 765 inprimis
591 725 652 766 quem
667 713 745 765 Zepha-

7 784 21 816 Γ
62 788 96 829 nia
115 786 232 840 saepissime
252 786 309 826 affert
326 786 415 835 Jesaias,
435 784 595 838 promissionem
613 785 646 825 dei
665 798 745 826 summo

5 893 7 906 ,
25 905 27 908 ,
63 860 131 902 studio
143 863 203 913 atquo
215 860 289 900 ardore
300 859 437 913 promulgant,
453 871 494 912 qua
508 870 580 899 omnes
591 857 683 911 undique
698 870 747 910 gon-

5 947 9 981 ζ
63 939 94 976 tes
109 933 212 987 supplices
226 933 371 986 Hierosolyma
385 931 426 972 sint
440 930 593 982 commisturae,
609 931 664 971 dona
678 930 748 984 splen-

64 1008 110 1048 dida
125 1007 228 1047 allaturae.
259 1007 325 1056 Quam
339 1004 498 1058 promissionem
507 1005 584 1046 nostro
600 1018 684 1059 quoque
697 1005 746 1046 loco

2 1116 4 1120 ,
65 1081 186 1131 convenire,
204 1079 279 1133 probat
294 1093 325 1131 cp.
338 1081 376 1130 lll,
392 1079 429 1128 tn,
448 1077 484 1118 ubi
499 1080 570 1130 gentes
585 1077 619 1118 111
633 1079 746 1120 remotissi-

63 1167 107 1195 mae
125 1154 215 1194 Judaeos
234 1153 339 1206 dispersos
358 1153 397 1192 deo
418 1151 540 1191 sacrificium
558 1152 656 1203 offerunt,
679 1152 746 1206 iisque

0 1239 1 1244 ¹
62 1226 130 1268 verbis
145 1227 235 1267 ludaeos
251 1224 394 1278 Hierosolyma
412 1224 509 1266 reductos
525 1228 582 1266 vates
598 1225 637 1265 sibi
651 1225 745 1267 videatur

62 1301 169 1342 indicasse.
200 1300 241 1351 Qui
261 1300 351 1353 gentium
369 1311 483 1339 concursus
503 1298 607 1352 quomodo
623 1300 744 1352 cogitandus

63 1374 100 1425 sit,
122 1373 176 1414 idem
194 1372 228 1413 ille
246 1373 324 1413 Jesaias
343 1371 413 1421 docet,
436 1383 486 1411 mox
502 1371 652 1424 Hierosolymis
673 1386 745 1415 omues

16 1427 17 1434 ,
62 1450 132 1501 gentes
148 1447 267 1487 adoraturas
283 1458 328 1486 esse
344 1445 424 1494 effatus,
444 1457 492 1484 mox
507 1444 607 1485 sacrificia
621 1445 664 1498 dei,
685 1446 746 1487 abro-

63 1524 109 1574 gato
128 1520 184 1561 cultu
198 1519 299 1570 Levitico,
318 1519 340 1558 iu
357 1530 482 1573 quocunqne
500 1522 602 1559 terrarum
621 1519 678 1561 orbis
696 1520 745 1561 loco

62 1594 165 1634 offerenda
183 1605 228 1633 esse
246 1593 288 1633 Jes.
299 1593 360 1644 XIX,
377 1591 413 1640 193
430 1595 556 1645 quapropter
571 1592 588 1632 si
604 1592 687 1645 quidem
702 1606 747 1634 om·
783 1648 785 1651 v

62 1668 111 1708 11110
131 1669 201 1719 gentes
220 1668 391 1706 omnes'externa
405 1664 440 1704 illa
454 1664 599 1717 Hierosolyma
618 1667 746 1708 confluentes

63 1742 171 1793 quaerent,
191 1738 212 1778 id
230 1738 286 1791 quod
300 1740 346 1797 ante
362 1739 456 1777 11111111
472 1736 506 1777 rix
521 1737 603 1778 videtur
618 1739 746 1781 oorrstitueu-

64 1814 111 1853 duni
131 1824 186 1859 esse,
209 1811 326 1852 necessario
345 1813 412 1850 tamen
430 1811 456 1849 ad
475 1809 539 1850 altera
553 1809 588 1851 illa
601 1811 748 1866 Hierosolyma

63 1884 220 1937 confugiendum
243 1887 283 1936 est,
309 1877 377 1923 πόλιν
400 1880 458 1923 θεοῦ
481 1878 572 1932 ζῶντος,
599 1876 746 1941 Ἰερουσαλὴμ

121 1954 196 2011 pataron
210 1957 341 2010 (Hebaxn,
357 1955 401 2008 22).

126 2032 240 2071 uaerendus
255 2031 298 2081 jam
316 2029 405 2070 vaticinii
423 2034 515 2072 eventus.
550 2031 576 2071 Et
590 2032 649 2084 prior
664 2032 747 2086 quidem

125 2103 207 2156 impleta
223 2107 253 2144 est
267 2116 304 2156 per
319 2102 434 2146 Chaldaeos
449 2105 513 2157 ipsos,
529 2118 582 2159 quos
598 2105 631 2145 dei
641 2106 746 2148 ministros

131 2177 200 2230 aepius
220 2177 359 2230 cognorimus.
399 2179 497 2229 Quamvis
518 2179 572 2219 enim
594 2183 661 2220 terrae
679 2180 747 2222 solum

63 2265 106 2291 uou
121 2251 146 2291 sit
160 2250 318 2302 Sodomitioum,
335 2252 391 2305 quod
405 2265 449 2293 uon
463 2253 494 2293 rei
509 2253 546 2294 sed
561 2253 695 2306 descriptioni
710 2254 747 2294 tri-

63 2324 166 2365 buendum
184 2324 281 2375 vidimus,
301 2325 416 2366 Chaldaeos
435 2329 502 2367 tamen
522 2326 594 2381 quinto
609 2331 658 2380 post
672 2328 746 2368 Hiero-

161 2401 238 2439 uastata
257 2411 310 2439 anno
331 2400 443 2441 exercitum
460 2401 482 2440 111
501 2399 644 2454 Coelesyriam
663 2402 747 2443 duxisse

65 2472 126 2513 tradit
143 2471 241 2525 saeptas
262 2471 346 2528 Antiqu.
361 2475 393 2525 X,
412 2476 431 2515 9.
447 2476 468 2526 7,
492 2487 557 2529 eaque
577 2480 678 2528 occupata
699 2474 747 2516 Ani-

64 2544 146 2586 monitis
168 2550 188 2589 at
210 2546 306 2588 nloabitis
329 2547 407 2589 bellum
428 2547 532 2600 intulisse,
561 2549 635 2590 deinde
660 2549 748 2590 redactis

65 2619 86 2658 iu
101 2631 158 2658 suam
172 2622 294 2671 potestatem
309 2622 403 2674 gentibus
418 2621 458 2662 illis
477 2622 498 2662 in
513 2622 629 2676 Aegyptum
643 2622 748 2674 profectos
771 2612 774 2615 ’

66 2705 118 2733 esse.
148 2693 206 2743 Quae
221 2693 296 2736 clades
305 2695 322 2736 si
337 2694 432 2736 nonfuit
447 2696 472 2736 ad
487 2696 658 2748 internecionem,
676 2701 750 2748 postea
