1792 3089
168 132 203 161 m
440 115 585 150 Paoreeomeun.

154 234 257 262 versum.
270 218 406 272 compellans,
425 232 444 261 v.
460 221 482 270 1,
504 219 599 272 supplicii
617 220 769 273 propinquitate
787 203 853 272 atquev

169 294 275 334 atrocitate
289 293 360 346 paucis
375 292 486 333 verberum
494 292 622 344 ponderibus
637 293 817 345 compreliensa'v.
827 292 847 342 2,

170 366 243 406 deiude
258 360 357 419 ἐκλογὴν,
371 365 418 417 pios
433 368 493 417 atque
504 369 623 405 mansuetos
631 365 745 418 alloquens,
760 363 847 415 utipsos

169 452 237 492 poena
251 438 291 478 iam
305 439 396 477 irruente
412 437 461 477 deus
477 436 515 476 snb
530 436 602 476 umbra
616 437 693 477 alarum
707 449 790 477 suarum
799 447 849 487 pro-

169 515 231 564 tegat,
245 524 264 551 v.
274 511 293 550 3.
319 511 365 560 Qua
379 508 517 549 admonitione
533 521 558 548 eo
574 509 649 549 certius
664 522 716 561 opus
732 513 769 558 est,
785 522 848 561 quum

157 584 221 637 deus
240 595 266 622 ne
284 581 379 634 gentibus
399 581 481 635 quidem
495 586 570 634 pareat.
601 581 701 622 Omnibus
721 582 774 621 enim
788 581 850 621 instat

154 646 283 703 *calamitum
303 654 396 707 exempla
412 659 561 708 proponuntur
575 654 702 695 occidentem
716 667 789 695 versus
803 653 850 694 Phi-

155 728 236 770 'listaei
249 742 269 768 v.
279 729 299 778 4,
315 722 406 782 quorum
418 727 494 769 civitati
509 728 591 769 exitium
606 728 740 769 annunciatur
753 741 772 769 v.
783 729 802 779 5,
818 727 850 768 tu*

170 807 229 844 turns
245 801 300 853 exitii
315 805 379 842 status
395 801 517 842 describitur
531 815 549 842 v.
559 802 578 851 6,
594 814 682 854 quorum
695 805 750 842 terra
759 786 849 840 Judaeo-

171 890 217 917 rum
230 874 323 929 reliquiis
339 874 377 914 erit
391 875 484 927 praedae,
500 870 519 915 v.
528 876 547 916 7.
573 872 653 915 Deinde
667 874 794 915 occidentem
803 886 863 915 ver-⁴

172 963 207 990 sus
218 947 340 990 ammonitis
351 946 412 1001 atque
425 947 521 988 lloabitis
534 961 594 988 cansa
603 960 683 1000 poenae
693 947 793 988 indicatur
802 960 821 988 v.
830 947 849 996 8,
871 947 882 963 ·’

171 1010 239 1074 poena
253 1021 298 1073 ipsa
311 1021 393 1060 funesta
406 1020 530 1072 proponitur
544 1019 563 1061 v',
572 1022 592 1071 9,
607 1033 659 1073 quae
674 1020 726 1060 iusta
737 1022 768 1060 est
778 1032 850 1072 supera

149 1125 150 1128 η
171 1093 217 1134 biae
235 1093 343 1133 retributio
358 1106 377 1132 v.
387 1093 414 1132 to
431 1093 538 1146 omnisque
552 1105 632 1145 poenae
647 1093 682 1131 fini
692 1087 782 1143 inservit,
798 1105 850 1146 quae

172 1171 204 1207 est
218 1165 308 1219 gentium
323 1164 432 1205 conversio
447 1178 466 1205 v.
479 1166 521 1213 11.Ι
542 1166 595 1205 Tum
608 1164 752 1205 meridionales
762 1164 850 1221 Aethio

171 1253 208 1291 pes
223 1238 290 1291 gladio
307 1237 442 1287 destinantur,
460 1250 479 1278 v.
492 1238 526 1278 12.
554 1238 662 1278 Postremo
677 1235 809 1289 Assyriorum
825 1250 851 1277 ex

155 1328 159 1331 ·
172 1309 312 1363 septentrione
326 1309 471 1354 imminentium
486 1310 536 1350 urbs
548 1310 674 1362 conspicitur
683 1309 780 1350 vastanda
789 1323 807 1350 v.
817 1310 850 1360 13,

172 1384 231 1424 cuius
246 1382 341 1423 condicio
356 1381 469 1421 miserrima
486 1395 511 1422 ex
525 1382 606 1422 aedium
620 1381 684 1422 ruinis
700 1385 731 1421 est
744 1382 851 1422 manifesta

172 1469 191 1496 v¹
201 1456 238 1505 14,
254 1459 274 1494 et
288 1467 340 1508 quae
355 1454 458 1507 quondam
473 1454 562 1507 superba
576 1454 615 1494 iam
629 1454 801 1494 imitaturum.

216 1528 242 1567 Et
255 1528 310 1567 haec
320 1526 401 1579 quidem
416 1526 474 1579 prior
488 1527 629 1568 vaticiniorum
638 1540 686 1580 pars
696 1527 783 1568 iustitiae
793 1540 851 1568 acer-

172 1602 254 1641 bitatem
270 1599 360 1653 depingit
374 1600 486 1652 potiorem,
505 1613 568 1654 quare
585 1600 667 1652 piorum
682 1600 805 1641 desideriunt
819 1601 850 1641 in-

171 1675 214 1714 hiat
231 1673 290 1714 alteri
309 1672 384 1725 gratiae
400 1673 507 1713 dulcedine
522 1673 602 1714 illustri.
631 1673 693 1724 Quod
707 1677 774 1715 tamen
787 1689 850 1729 quum

173 1747 199 1788 sit
218 1750 333 1800 separatum
352 1746 455 1800 quoddam
473 1746 579 1798 oraculum
596 1745 667 1798 incipit
681 1746 705 1785 ab
720 1749 851 1789 accusatione

172 1834 191 1861 v.
208 1821 281 1871 1-6,
298 1819 355 1860 euius
370 1819 449 1859 fructus
463 1819 533 1860 uullus
547 1834 566 1860 v.
579 1821 591 1860 7
606 1823 738 1872 peccatorum
755 1834 849 1874 poenam,

172 1893 264 1948 fidelium¹
283 1892 369 1933 salutem
385 1892 553 1944 praecipitantem
567 1891 653 1945 impellit
666 1906 685 1933 v.
694 1894 778 1935 8—20.
806 1894 852 1934 Pri—

172 1980 227 2006 mum
243 1965 295 2005 euim
314 1970 370 2005 vates
385 1951 457 2006 urbem
472 1965 584 2019 alloquitur
598 1969 649 2020 quot
662 1966 731 2007 verbis
745 1970 775 2007 tot
790 1980 851 2008 accu-

173 2038 286 2079 sationibus
302 2051 319 2077 v.
329 2039 348 2088 1,
363 2038 477 2078 accuratius
493 2038 598 2091 explicatis
613 2053 632 2080 v.
642 2040 662 2090 2,
678 2040 752 2079 deinde
762 2040 851 2092 pravita-

174 2116 215 2151 tem
233 2111 335 2162 vituperat
354 2114 417 2150 status
436 2097 525 2162 politici,
547 2112 662 2165 principum
683 2118 745 2165 atque
761 2112 851 2152 iudicum

174 2198 193 2225 v¹
206 2185 229 2234 3,
249 2187 313 2223 status
329 2182 471 2232 ecclesiastici,
490 2184 635 2235 prophetarum
648 2189 709 2237 atque
724 2185 853 2225 sacerdotum

173 2258 225 2303 v.4;
250 2255 283 2295 cui
300 2254 395 2307 pravitati
414 2254 464 2294 dens
482 2254 579 2295 iustitiam
599 2269 655 2296 suam
673 2261 769 2310 tauquam
784 2247 852 2298 erlem-

173 2329 230 2382 plum
249 2327 348 2380 proponit
365 2331 425 2380 atque
444 2327 518 2367 iudicia
536 2327 589 2368 iusta
606 2329 699 2369 obtendit
712 2331 764 2381 v.5,
782 2330 816 2371 vel
830 2331 851 2371 in

174 2401 265 2454 gentium
282 2399 367 2440 historia
384 2400 493 2452 perspicua
507 2414 526 2442 v.
537 2402 555 2443 6.
588 2401 615 2443 At
633 2402 664 2442 illi
677 2403 703 2442 ad
716 2404 796 2456 frugem
810 2417 853 2444 me-

173 2474 247 2515 liorem
261 2485 303 2512 uon
315 2472 407 2523 redeunt,
424 2486 486 2525 quare
499 2473 560 2514 instat
570 2474 627 2515 urbis
643 2475 722 2515 eversio
731 2489 750 2517 v.
761 2476 779 2516 7.
795 2478 853 2528 Quae

162 2561 237 2602 ,quum
248 2546 275 2586 ita
287 2545 334 2598 sint,
350 2558 375 2585 ex
387 2545 491 2586 homiuum
504 2547 604 2587 sententia
615 2547 665 2587 nihil.
677 2551 708 2588 est
718 2549 852 2601 speraudnnr;

174 2620 245 2662 fideles
260 2622 328 2661 autem
342 2618 363 2659 in
377 2618 456 2659 Jehova
465 2618 560 2660 fiduciam
574 2619 683 2674 collocent,
699 2621 734 2675 qui
742 2627 813 2676 gentes
822 2628 853 2665 est
