1792 3089
305 147 348 184 CAP»
359 149 385 192 II,
397 162 413 183 ν.
425 146 495 186 8-11.
612 179 614 182 .
715 152 742 194 57

62 255 151 309 apostoli
172 252 271 306 evangelii
290 252 442 305 praedicatione
461 252 617 294 Philistaeorum
635 254 687 294 lines
705 253 743 294 im<

62 330 148 383 pientes.
172 330 197 370 cf.
211 325 256 367 Act.
271 326 329 377 Vlll‚
344 326 377 367 26.
392 327 426 369 40,

345 469 365 497 v.
381 457 465 497 8211.

108 548 229 590 Plrilistaeos
244 548 358 601 sequnntur
372 547 475 588 Moabitae
489 552 549 601 atque
559 544 693 597 Animonitae,
708 548 745 587 Ju-

67 623 121 664 daeis
136 621 163 661 ad
177 621 276 662 orientem
290 623 405 672 vergentes.
429 620 515 674 Utrique
530 619 629 672 originem
644 620 747 661 duxeruut

68 697 119 737 Gen.
129 697 192 747 XIX,
208 696 235 735 37
251 707 277 734 ex
291 694 370 735 incesto
385 694 475 736 filiorum
489 693 550 734 Lothi
564 706 609 733 cum
624 698 682 746 patre
697 708 747 735 con-
795 726 797 729 ,

68 769 144 819 cubitu7
160 782 201 822 quo
217 767 298 821 quidem
313 770 361 808 ortu
374 766 447 819 populi
461 767 546 820 posthac
561 765 634 818 dignos
651 780 673 807 se
687 781 747 820 prae-

66 844 162 884 buerunt.
192 841 245 882 Cum
264 844 311 881 ortu
329 840 390 892 situs,
410 853 488 892 mores,
511 839 589 879 fatalis
608 840 679 880 eadem
694 843 747 891 sunt,

68 930 130 971 quare
145 918 201 956 vates
217 927 253 955 eos
270 914 382 968 conjungit.

109 989 211 1030 Moabitae
226 988 339 1029 seeundum
354 988 405 1028 Gen.
415 987 472 1038 XIV,
488 988 507 1027 5.
523 988 584 1027 Dent.
595 986 620 1037 ll,
634 984 660 1025 11
676 998 749 1027 versus

68 1063 167 1104 orientem
185 1062 245 1102 maris
263 1060 339 1102 mortui
357 1061 417 1102 sedes
436 1061 544 1111 habentes,
564 1059 589 1100 ab
608 1058 705 1099 Israelitis
724 1072 749 1100 ex

69 1136 162 1189 Aegypto
177 1133 281 1188 profectis,
297 1133 391 1174 mandato
408 1132 476 1173 divino
493 1131 603 1182 obstrictis,
618 1131 748 1173 nullomodo

68 1209 119 1257 laesi
133 1212 189 1260 sunt,
209 1211 229 1247 at
241 1208 283 1258 jam
296 1206 358 1247 Num.
372 1207 434 1247 XXII
451 1205 491 1258 ipsi
505 1204 643 1246 israelitarum
656 1205 749 1247 victoriis

68 1281 173 1335 perterriti
186 1280 282 1321 auxilium
297 1282 369 1320 contra
383 1292 419 1319 eos
435 1282 546 1332 quaerunt,
566 1282 639 1330 postea
653 1278 700 1320 Jud.
714 1278 760 1330 lll‚³

70 1356 103 1395 12.
119 1355 146 1394 20
161 1354 195 1395 vel
206 1353 303 1405 subigunt
309 1351 418 1402 israelitas,
432 1361 487 1405 ‘quos
496 1350 556 1391 Elmd
564 1364 576 1389 a
584 1350 661 1392 ditione
670 1351 750 1392 llloabi-

69 1431 135 1468 tarum
153 1426 232 1467 liberat.
261 1426 293 1466 Ex
308 1438 349 1479 quo
365 1429 457 1477 tempore
473 1424 570 1465 continua
584 1423 638 1465 inter
652 1428 752 1479 utrosque

33 1507 35 1509 ’
69 1499 124 1540 bella
138 1502 195 1552 gesta
209 1502 262 1551 sunt,
279 1512 330 1553 quae
346 1511 386 1553 quo
401 1497 466 1551 magis
477 1496 604 1539 voluntatem
614 1498 647 1539 dei
655 1498 676 1538 in
685 1498 751 1552 primo

71 1586 184 1626 congressu
195 1573 306 1614 revelatam
316 1572 435 1625 migrarunt,
452 1584 476 1611 eo
485 1571 600 1624 graviorem
607 1584 696 1625 poenam
702 1586 753 1626 pro-

69 1649 193 1686 meruerunt.
219 1644 269 1685 Inde
284 1645 356 1685 crebra
371 1647 443 1685 contra
458 1657 494 1684 ecs
508 1648 578 1684 vatum
592 1644 660 1695 effata,
676 1657 752 1685 exorsa

70 1732 82 1757 a
96 1717 180 1758 Bileami
194 1717 290 1758 vaticinio
301 1716 362 1759 Num.
370 1718 448 1768 XXIV,
457 1715 491 1768 lt,
507 1717 563 1771 quod
577 1721 662 1758 resonat
672 1715 717 1758 Am.
727 1720 752 1769 ΙΙ,

72 1792 133 1832 1-3.
148 1791 191 1831 les.
198 1790 241 1832 XV
250 1794 270 1831 et
277 1791 335 1831 XVI.
350 1791 392 1831 Jer.
400 1790 494 1840 XLVIII,
510 1790 619 1844 dequibus
635 1791 660 1831 cf.
670 1791 752 1845 Knepe-

70 1879 118 1905 rnm
127 1864 141 1905 l.
150 1878 167 1905 c.
179 1878 198 1917 p.
207 1864 297 1915 83-98,
314 1864 349 1918 qui
357 1865 427 1905 locum
433 1864 512 1904 Jesaiae
521 1864 646 1906 vindicatum
654 1864 708 1905 bene
717 1865 753 1905 de-

69 1938 133 1979 fendit
147 1938 317 1978 fundamentalem
332 1950 383 1989 esse,
399 1941 419 1978 et
433 1938 507 1978 Ezeclr.
517 1938 585 1989 XXV,
601 1939 620 1979 8.
637 1939 656 1979 9.
681 1937 699 1979 A
713 1939 754 1979 Ze-

71 2012 144 2064 phania
154 2014 238 2064 apparet
249 2010 342 2061 lesdam,
358 2011 468 2064 praecipue
476 2012 518 2052 Jes.
524 2012 582 2062 XVI,
592 2012 611 2063 6,
627 2011 710 2065 respici,
725 2012 753 2052 ita

71 2088 93 2125 nt
106 2084 185 2125 medius
200 2083 334 2125 collocandus
349 2085 376 2126 sit
390 2085 442 2125 inter
457 2085 545 2126 lesaiarn
560 2088 580 2126 et
593 2085 708 2127 Jeremiam,

114 2157 241 2198 Ammonitae
256 2157 355 2199 orientem
369 2172 442 2201 versus
458 2159 579 2199 alloabitis
594 2162 718 2213 spectantes,
734 2164 754 2200 et

71 2232 111 2285 ipsi
125 2231 150 2272 ab
165 2230 262 2272 Israelitis
276 2230 352 2285 intacti,
367 2233 485 2274 affinitatem
496 2232 648 2274 ennrllloabitis
659 2237 756 2286 praetem

74 2303 126 2346 dunt
140 2318 252 2359 eorumque
267 2318 349 2346 eausam
364 2306 429 2347 acturi
443 2306 541 2348 Israelitis
553 2307 601 2348 lud.
610 2309 637 2358 X,
647 2309 666 2348 9.
681 2309 719 2357 Xl,
728 2308 753 2348 12
831 2320 835 2322 “

52 2397 54 2401 ⁴
71 2378 148 2419 bellum
163 2379 262 2429 iufernrrt3
277 2380 396 2421 invadentes
411 2380 469 2433 ipsos
484 2380 535 2422 Saul
549 2381 622 2422 isam.
631 2383 668 2433 Χῖ,
677 2382 754 2422 1-15

71 2451 142 2501 vincit3
158 2454 247 2495 Davides
263 2454 452 2498 llSamX—Xll
467 2467 504 2495 eos
519 2455 577 2496 clade
592 2454 667 2503 afficte
682 2458 755 2507 postea

70 2525 169 2578 iosaphat
187 2530 206 2568 ll
218 2527 294 2569 Clrron.
309 2529 352 2569 XX
371 2532 391 2568 et
405 2528 486 2568 lotham
506 2530 524 2570 ll
536 2529 613 2570 Clrrou.
630 2527 720 2578 XXVll,
741 2529 753 2568 5

71 2598 125 2638 bella
144 2612 190 2639 cunr
209 2600 234 2640 iis
253 2605 332 2653 gerunt.
365 2595 448 2642 ludaeis
468 2615 480 2642 a
497 2601 673 2644 Nebueadnezare
694 2600 752 2641 victis

70 2673 162 2713 infensos
176 2685 198 2714 se
213 2675 339 2726 praestitisse
353 2675 455 2728 videntur,
470 2675 532 2718 immo
548 2676 634 2716 reduces
650 2686 679 2714 ex·
690 2673 752 2714 exilio
