1792 3089
135 119 163 158 32
205 111 207 113 ’
381 114 423 150 cis.
435 113 453 161 1,
465 127 481 153 v.
493 112 572 152 11-11,

136 233 182 260 rum
201 218 259 272 prior
280 222 300 259 et
318 222 404 272 propter
425 220 533 273 imaginem
554 222 674 276 sequentem
694 222 715 260 et
731 222 817 272 propter

97 301 99 304 ’
135 293 242 334 notionem
257 292 372 346 sanguinis,
392 292 426 332 cni
439 294 461 333 in
474 307 517 335 niro
533 295 622 349 quodam
635 293 727 345 homine,
743 292 818 345 singuli

138 367 192 408 enim
203 368 247 419 jam
260 366 384 421 purrinntnr,
402 366 537 410 nrnltitndinis
551 370 618 423 imago
633 367 700 409 minus
716 365 818 417 convenit,

138 445 170 482 est
184 441 300 494 rejicienda,
315 440 420 494 posterior
434 440 496 493 igitur
512 443 635 484 conditionis
650 440 759 484 vilissimae
769 453 819 489 con-

136 516 283 568 temptissimae
297 514 407 568 praevalet.
423 538 451 545 -
475 512 532 558 1111ηῆ
544 520 627 569 praeter
641 520 735 557 nostrum
748 514 830 555 locum

136 601 179 629 non
193 589 233 630 nisi
244 588 291 630 tob.
299 588 347 640 XX,
360 589 388 628 23
398 587 486 641 vlegitur:
503 589 554 632 dens
568 590 637 645 pluvia
652 589 743 631 demittat
756 600 819 640 snper

139 676 186 703 enm
201 662 270 704 cibum
285 662 339 712 eins;
353 675 396 704 rex
408 662 461 704 sicut
469 660 510 708 nni
520 668 551 706 est
560 665 624 717 cibus,
639 665 760 717 interpretes
768 674 819 703 vero

137 740 224 790 propter
238 736 358 789 sangninem
372 736 529 791 praecedentem
548 751 630 780 carnem
645 739 737 790 exigunt,
757 748 820 790 quare

137 810 299 864 interpretantur
322 809 386 853 cetera.
408 811 477 852 Geren.
495 812 538 853 Em.
559 813 616 853 Hit-s.
636 813 708 853 Mem.
730 822 820 860 carnem,

422 874 432 890 s
455 888 462 898 t

138 905 280 955 comparantes
299 899 409 943 Arabicum
418 882 478 967 {sit
489 928 500 967 [1
504 901 559 961 9511
563 941 569 961 ‚
582 915 669 954 carnem,
679 901 775 942 Eweldns
783 901 819 942 ad-

138 987 189 1028 dens
202 1000 276 1028 vocem
283 986 368 1040 proprie
384 999 429 1027 esse
444 999 535 1040 succum,
549 987 597 1028 inde
607 999 694 1027 carnem.
719 986 762 1027 Sed
770 999 819 1026 ana-

137 1059 192 1113 logia
201 1059 289 1100 Arabica
302 1059 379 1100 nnilins
393 1060 492 1100 momenti
506 1064 543 1111 est,
559 1060 577 1100 si
590 1058 649 1113 notio
663 1058 721 1100 vocis
730 1058 818 1099 hebraea

137 1134 205 1186 adest,
223 1146 275 1188 qnae
290 1145 374 1174 sensnm
388 1134 490 1186 praebeat.
520 1134 546 1174 Et
560 1132 593 1173 hic
608 1131 691 1186 quidem
706 1132 746 1173 cibi
759 1133 817 1174 notio

137 1207 242 1261 aptissima
261 1210 297 1248 est.
326 1207 389 1247 Vates
405 1204 459 1248 enim
473 1205 568 1259 intelligit
582 1206 662 1248 viscera
677 1206 759 1247 IISam.
770 1208 818 1258 XX,

138 1283 165 1322 10
181 1280 273 1334 (Heca),
293 1293 345 1335 qnae
365 1280 458 1334 sangnini
475 1279 534 1321 bene
547 1283 690 1333 opponuntur,
708 1280 819 1334 inquibus
880 1271 883 1274 ’

138 1354 243 1397 effusionis
265 1353 333 1405 notio,
355 1355 412 1394 carni
433 1353 507 1405 aliena,
529 1354 600 1395 locum
616 1352 687 1401 lmbet3
709 1367 775 1408 aeque
795 1368 818 1395 ac

139 1428 163 1469 cte
183 1427 352 1471 1111111111111111
376 1426 478 1479 digestum
493 1440 574 1479 eornm,
595 1426 620 1467 cf.
637 1427 670 1467 Ps.
685 1426 816 1479 1111111113.

141 1500 210 1543 Chalci.
225 1502 310 1542 Ister-en.
328 1500 447 1541 Tlreectoret.
462 1498 529 1540 minus
550 1503 645 1541 accurate
659 1500 820 1552 interpretantur

139 1576 243 1617 cadavera.
272 1573 346 1615 Ezech.
362 1574 402 1625 tv,
418 1573 444 1613 12
461 1573 529 1615 cibum
543 1574 588 1615 scre
603 1574 656 1616 sicut
669 1576 771 1628 stercora,
786 1588 819 1616 re-

138 1649 190 1703 spici
208 1648 289 1703 neqnit,
308 1661 371 1702 quum
389 1648 488 1701 sanguine
499 1648 543 1700 jam
556 1648 644 1701 profuso
659 1647 685 1688 de
700 1648 757 1701 cibo,
778 1663 819 1704 qno

140 1723 197 1776 impii
210 1725 326 1774 vescantur,
342 1735 410 1764 sermo
425 1735 469 1762 non
484 1721 516 1763 sit.
536 1722 640 1763 Jndicinm
654 1721 745 1764 divinum
759 1728 820 1779 atque

139 1796 264 1850 supplicium
278 1810 357 1837 summa
365 1795 466 1850 populum
474 1796 565 1850 pernicie
573 1796 689 1849 exstinguit,
705 1811 768 1852 quum
776 1812 820 1840 non

138 1871 201 1912 modo
219 1872 243 1918 ⁴in
260 1870 359 1923 angustiis
378 1875 497 1922 versentur,
516 1883 560 1911 non
573 1870 636 1911 modo
651 1870 693 1911 vita
706 1871 819 1924 priventur,

137 1957 211 1987 verum
233 1944 293 1986 etiam
313 1943 423 1986 occisionis
443 1957 508 1998 genus
530 1945 557 1986 sit
576 1943 718 1986 foedissimum
738 1950 758 1987 et
776 1950 820 1988 tur-

138 2018 252 2072 pissimum.
810 2003 811 2006 Ἴ

181 2106 201 2133 v.
210 2092 243 2133 18.
258 2091 326 2145 Neque
338 2097 449 2146 mgentem
456 2105 525 2134 eornm
532 2106 596 2146 neque
603 2104 679 2134 1111111111
686 2099 821 2147 1011111101-

138 2166 169 2206 re't
178 2164 264 2207 liberere
277 2178 308 2206 eos
319 2165 351 2206 die
361 2167 405 2206 11111
411 2164 501 2207 Jeleocce
513 2168 588 2219 eligite
595 2166 635 2207 sele
641 2167 684 2205 eice
692 2173 822 2208 contemnetur

139 2245 183 2280 teto
191 2245 254 2290 terret,
268 2253 317 2280 1111111
326 2245 494 2291 centurionatum,
509 2241 591 2281 1111111111)
599 2240 685 2280 esitium
692 2241 821 2292 repentinum

132 2313 206 2365 saciet
213 2327 260 2354 ecem
267 2313 358 2355 (111111ῗό111
365 2313 437 2355 tricolis
446 2319 520 2355 terrae.
542 2313 600 2355 Licet
607 2312 657 2353 alias
664 2325 715 2353 auro
725 2319 821 2367 argento-

140 2398 180 2439 qne
192 2386 261 2426 hostes
272 2388 327 2428 hand
337 2401 385 2428 raro
396 2391 420 2428 nt
427 2388 543 2429 hominibus
551 2391 636 2440 parcant
647 2391 821 2441 commoveantur,

139 2459 180 2500 hoc
193 2463 262 2500 tamen
277 2460 309 2500 die
315 2460 406 2502 hostium
414 2461 473 2502 furor
481 2464 550 2502 tantus
562 2461 606 2511 erit,
621 2463 644 2501 ut
654 2472 697 2500 non
707 2460 822 2503 divitiarum

141 2532 210 2575 solnm
225 2533 325 2574 rationem
340 2535 380 2576 sint
387 2535 481 2586 irabitnri,
497 2535 534 2575 sed
546 2534 567 2575 in
578 2533 751 2576 incolarnmvitas
761 2542 822 2590 atque

141 2621 231 2662 corpora
245 2608 377 2650 acerbissime
392 2609 495 2651 saevituriv
511 2610 536 2651 cf.
548 2609 590 2651 Jcs.
599 2610 654 2663 xiii,
668 2611 701 2660 17,
713 2610 750 2659 18;
766 2611 823 2664 qnod

141 2683 192 2726 deus
211 2683 254 2725 illic
269 2682 377 2726 Chaldaeis
400 2683 456 2726 exitii
474 2683 609 2727 certissimum
626 2684 702 2727 indicat
719 2684 823 2738 indicium,
