1792 3089
166 138 208 178 -114
407 132 450 168 Cle.
462 133 498 176 ΙΙΙ,
509 145 525 167 v.
536 131 607 178 843.

168 237 285 279 afflictionis
303 237 361 279 notio
379 240 464 291 apparet
478 237 538 278 etiam
552 250 578 278 ex
592 238 661 279 addito
677 235 712 289 m,
730 238 848 292 quodcum

169 310 339 364 erambergam
354 310 421 350 animo
437 310 525 351 demisso
542 312 640 364 explicari
654 310 734 366 nequit:
750 316 771 352 at
784 311 849 351 veluti

168 386 194 425 ad
208 388 233 436 ll,
244 386 257 425 3
270 384 358 426 uidimus
372 387 490 424 mansuetos
505 384 599 424 afflictam
614 384 683 424 sortiri
698 384 847 436 condicionem,

167 460 196 500 ita
209 459 279 499 afflicti
298 457 318 497 hi
335 461 383 497 sunt
401 457 426 507 ii,
446 457 481 511 qui
495 457 596 498 miseriam
611 457 730 516 nonymodo
744 457 850 509 patiuntur

168 532 277 585 impiorum
292 531 366 580 instar,
380 543 452 570 verum
467 530 526 570 etiam
542 543 622 570 oausam
638 530 704 570 omnis
719 531 812 570 miseriae
827 530 848 570 in

168 607 254 656 peceato
272 603 331 644 sitam
346 617 391 644 esse
407 603 554 655 intelligentes,
573 603 613 655 ipsi
626 603 773 655 poeniteutiam
787 615 849 655 agen-

169 683 200 717 tes
218 677 345 717 miseriarum
362 677 441 717 fruetus
455 662 577 729 pereipiunt¹
593 697 620 705 -
639 674 686 715 ein:
701 687 739 719 ion
754 675 850 716 fiduciam

169 755 281 802 reponent,
297 750 429 803 acquiescent
442 749 463 789 iu
477 750 560 790 nomine
573 749 674 795 Jelrovae;
693 750 710 789 is
726 749 779 789 enim
793 762 849 789 sum-

169 836 215 863 mus
231 826 262 863 est
278 822 372 864 miseriae
390 824 480 872 fruetus,
499 828 522 863 nt
539 835 608 862 rerum
627 822 758 861 humanarum
773 821 850 862 vilitate

170 896 253 948 cognita
268 896 307 935 deo
326 896 401 936 nitatur
420 897 502 949 piorum
521 907 575 946 spes.
591 918 617 925 —
637 895 762 934 Sententiam
776 908 865 936 versus

171 967 261 1009 Mamer
279 969 307 1009 ita
321 968 424 1020 intelligit,
443 972 465 1007 ut
485 966 557 1007 deletis
571 966 717 1018 nobilioribus,
736 967 850 1008 insolenter

170 1040 288 1094 agentibus,
303 1040 403 1081 tenuioris
419 1040 480 1081 sortis
496 1040 588 1080 homines
603 1039 704 1080 submisse
718 1052 741 1080 se
755 1043 850 1091 gerentes

170 1113 210 1155 soli
228 1113 321 1153 dieantur
340 1113 394 1166 digni
413 1112 447 1167 qui
465 1112 506 1154 sint
524 1112 655 1165 superstitem
678 1111 850 1153 civitatemenim

170 1180 245 1226 novam
260 1190 355 1227 constare
374 1200 400 1226 ex
416 1186 494 1226 civibus
509 1186 588 1227 miseris
603 1190 664 1239 atque
678 1185 768 1237 afflictis,
783 1191 851 1227 vatem

171 1260 240 1300 dicere
257 1272 297 1300 nee
317 1259 411 1312 potuisse
429 1272 468 1299 nee
486 1260 582 1301 voluisse.
620 1258 647 1298 At
663 1259 751 1310 primum
769 1260 851 1313 quidem

170 1331 269 1374 Illunreri
283 1333 383 1373 sententia
397 1332 483 1373 articulo
499 1332 579 1384 adjecto
594 1331 701 1372 indicanda
719 1337 762 1373 erat
778 1345 851 1373 neees-

171 1406 239 1456 sari0,
254 1405 275 1445 id
290 1405 347 1458 quod
365 1418 388 1445 ea
403 1419 464 1459 quam
478 1407 536 1447 affert
553 1405 637 1446 omissio
657 1405 700 1446 eius
719 1406 816 1459 frequens
829 1404 852 1445 in

172 1492 228 1519 nexu
242 1478 388 1519 sententiarum
403 1492 429 1518 ex
442 1478 528 1519 articulo
543 1480 589 1532 ipso
600 1479 702 1532 pendente
712 1479 800 1518 refutare
809 1491 852 1519 non

172 1555 248 1605 potest.
281 1551 361 1591 Deinde
380 1551 424 1603 ipsa
442 1551 585 1592 vaticiniorum
603 1551 683 1592 indoles
701 1551 801 1593 Mauram
818 1564 852 1591 re-

172 1624 249 1665 nititur.
278 1624 360 1664 Etenim
375 1624 427 1663 hand
441 1625 517 1672 frustra
531 1625 553 1664 iu
567 1624 633 1677 eapite
648 1625 739 1665 seeundo
753 1625 852 1678 reliquiae

172 1696 269 1738 dicuntur
287 1697 309 1737 iu
325 1695 435 1737 Askalonis
453 1697 547 1738 domibus
565 1698 649 1739 vastatis
669 1685 777 1748 recubare,
798 1697 853 1738 haud

172 1772 247 1811 frustra
257 1769 418 1810 ammonitarum
432 1774 451 1810 et
465 1770 601 1811 Moabitarum
612 1775 677 1811 terras
689 1771 780 1811 desertas
791 1783 852 1824 prae-

173 1845 256 1890 dantem
276 1843 406 1883 consentiunt
425 1843 478 1883 euim
496 1847 553 1883 vates
571 1844 592 1883 in
607 1843 741 1884 describenda
756 1843 852 1897 reliquia-

172 1930 218 1958 rum
233 1920 289 1956 sorte
304 1915 369 1967 tenui,
386 1929 446 1969 quam
460 1916 566 1972 praeclare
581 1917 672 1970 depingit
684 1917 759 1959 Paulus
775 1919 793 1958 ll
803 1917 851 1958 Cor.

172 1991 212 2039 Vl,
229 1990 267 2031 loz
287 1981 317 2036 ὡς
334 1984 404 2043 μηδὲν
422 1982 508 2039 ἔχοντες
527 1985 565 2028 unt
582 1982 655 2028 noima
670 1985 808 2039 κατέχοντες,
828 1990 852 2030 ef.

172 2062 302 2111 Jeexmx,
319 2063 352 2102 19.
362 2063 395 2102 20.
424 2061 491 2114 Aegre
506 2062 546 2115 ipsi
559 2063 670 2115 effugerant
685 2062 777 2113 exitium,
793 2062 852 2104 ouius

173 2140 264 2175 terrores
280 2147 316 2174 eos
331 2135 382 2174 adeo
398 2135 516 2186 affecerant,
531 2142 554 2175 ut
569 2136 625 2189 quod
638 2143 696 2176 vates
710 2136 854 2188 pronunciavit

173 2205 218 2249 ’bin
234 2219 295 2260 quam
310 2212 364 2248 esset
374 2222 445 2248 verum
455 2207 514 2248 faeile
526 2208 673 2261 intelligere11t;
689 2214 709 2249 et
723 2209 802 2250 afflictis
817 2210 853 2249 de-

173 2293 238 2331 mum,
253 2280 278 2321 iis
294 2279 330 2333 qui
344 2282 465 2334 semetipsos
481 2281 538 2321 nihili
553 2282 639 2334 amplius
654 2282 731 2323 faciunt
745 2283 854 2323 mundum

175 2366 214 2406 que
233 2366 279 2392 cum
299 2352 402 2404 omnibus,
422 2368 473 2408 quae
492 2355 591 2407 praebere
605 2359 683 2407 potest,
704 2356 793 2409 glumam
808 2368 853 2396 esse

175 2425 255 2478 experti
269 2430 325 2476 sunt,
341 2433 468 2480 quaerente
484 2428 584 2478 aufertur,
601 2428 625 2469 iis
640 2429 719 2469 Jehova
731 2428 854 2483 relinquitur

173 2499 275 2552 refugium
287 2498 363 2547 solnm,
380 2500 417 2541 sed
424 2514 558 2554 quaeeunque
569 2502 686 2552 amiserunt,
702 2502 782 2555 egregie
795 2516 852 2543 eom-

174 2577 247 2625 peusat
261 2577 281 2612 et
296 2573 399 2624 retribuit,
418 2575 470 2614 adeo
490 2574 570 2627 quidem
589 2578 612 2614 nt
631 2578 728 2629 sequatur
746 2578 801 2616 aetas
818 2574 854 2615 illa

173 2645 296 2697 felicissima,
313 2660 331 2688 v.
341 2648 431 2687 14-20
447 2647 554 2700 descripta,
570 2662 630 2701 qnam
642 2649 731 2689 Mirarer
742 2648 796 2689 haud
810 2660 853 2688 me-
