1792 3089
326 171 471 205 Pnomeonnnn.
700 184 738 214 m

4 269 6 315 ξ
52 273 123 325 primo
139 274 212 315 obtutu
224 274 326 323 videatur3
341 277 468 327 posteriores
483 279 556 327 autem,
571 275 676 328 dereptus,
691 276 735 316 Eu-

5 341 7 376 Ῐ
56 345 129 396 sebius,
148 346 206 386 vocis
225 346 375 387 similitudinem
393 349 456 400 magis
476 361 537 401 qnam
551 348 655 388 historiam
669 350 735 389 secnti

55 417 114 457 facile
129 418 150 456 in
165 430 257 457 errorem
271 418 393 460 inciderunt.

97 490 167 544 ltaque
182 496 264 544 praeter
282 493 384 534 Herodoti
400 494 462 534 verba
480 494 530 535 nihil
550 497 591 544 est,
612 493 668 547 qnod
683 493 734 545 Scy-

1 569 2 574 ’
55 564 99 603 thas
121 564 142 604 in
159 565 293 605 Palaestinam
315 567 402 607 intrasse
421 565 513 607 testetur.
546 566 668 607 Auctoritati
691 566 735 607 eius

4 636 7 662 ἶ
55 637 136 677 videtur
160 650 275 690 repugnare
300 638 327 688 1)
350 640 406 692 quod
430 640 531 691 scriptura
555 653 613 679 sacra
636 639 735 691 irruptio-

54 721 102 748 nem
122 709 176 754 illam
198 711 282 750 omnino
303 723 346 751 non
367 716 472 752 memorat.
509 712 571 762 Quod
592 716 734 764 argumentum

56 781 115 822 etiam
128 789 224 835 augetur,
244 796 307 836 quum
322 784 366 824 aliis
382 784 435 824 locis
450 784 537 836 Scythae
551 784 649 824 nominati
663 784 733 836 legan-

54 859 94 895 tur,
123 856 204 896 Etenim
219 856 254 909 qui
272 857 355 897 affertur
370 857 460 908 Gen.X‚
476 858 489 896 2
505 862 525 897 et
538 857 612 897 Ezech.
622 855 733 897 XXXVIII.

54 929 149 968 XXXIX
162 929 253 981 populus
271 940 318 970 assu
336 930 448 969 secundnm
463 930 589 970 Boruurtuur
604 930 684 981 Phaleg.
698 930 733 980 lll,

56 1001 93 1050 13,
113 1014 201 1054 quocum
221 1001 315 1041 conferas
331 1001 451 1043 Crumerum
468 1002 482 1042 l.
498 1016 514 1041 c.
534 1015 579 1054 pag.
596 1002 733 1052 los-122,

55 1074 141 1126 Scythas
160 1074 271 1126 significatr
291 1073 387 1114 Ezechiel
405 1079 473 1115 autem
487 1075 597 1128 Magogum
616 1075 674 1114 affert
695 1076 732 1114 ho-

55 1152 106 1189 stem
125 1146 293 1196 remotissimum,
316 1151 364 1199 post
381 1148 451 1203 hostes
470 1146 522 1187 alios
545 1132 617 1188 omnes
639 1148 732 1188 nomina-

54 1226 87 1262 tos
105 1222 144 1261 iam
162 1226 208 1261 aute
226 1219 297 1271 templi
315 1220 365 1261 novi
379 1225 512 1272 conspectum
530 1220 632 1271 ultimum,
653 1221 731 1273 gravis-

54 1295 138 1344 simum,
157 1293 179 1332 id
196 1292 252 1345 qnod
270 1296 355 1343 apparet
374 1293 434 1332 etiam
449 1305 474 1331 ex
488 1291 637 1343 ApoealXX,
653 1293 677 1343 8,
696 1292 732 1333 uhi

53 1368 107 1408 idem
124 1366 159 1406 ille
178 1364 253 1415 hostis,
272 1363 359 1404 aliorum
378 1364 437 1417 quasi
453 1367 522 1416 partes
541 1377 614 1416 agene,
632 1368 679 1403 aute
693 1378 731 1404 no-

52 1454 101 1482 vum
119 1438 200 1480 coelum
218 1437 335 1478 nominatur
352 1450 468 1490 novamque
487 1441 568 1477 terram.
603 1437 663 1477 Hunc
680 1450 731 1477 vero

53 1515 133 1554 hostem
147 1512 165 1552 si
178 1511 252 1551 Judaei
266 1510 305 1550 iam
320 1510 399 1562 experti
414 1514 483 1550 essent
497 1509 536 1549 sibi
550 1510 616 1549 minus
627 1509 731 1561 periculo-

53 1601 99 1628 sum
114 1598 169 1635 esse,
189 1583 284 1623 Ezechiel
303 1584 397 1635 profecto
408 1596 441 1622 ex
458 1585 527 1622 vatum
541 1594 599 1621 more
616 1581 732 1632 indicasset,

55 1665 152 1714 quantum
169 1656 291 1697 discriminis
309 1657 422 1696 intercedat
439 1656 492 1696 inter
506 1655 556 1695 duas
571 1654 615 1695 illas
630 1655 731 1695 incursio-

53 1747 97 1773 nes.
125 1734 151 1783 2)
164 1729 259 1781 Iosephus
273 1728 323 1768 nihil
341 1729 403 1769 tradit
421 1729 446 1768 de
465 1728 595 1780 expeditione
613 1727 658 1778 illa,
677 1727 731 1780 Aby-

53 1801 116 1841 deuus
130 1814 223 1854 quoque⁷
238 1803 336 1852 Berosus,
352 1801 428 1843 Ctesias
446 1814 490 1841 eam
508 1815 551 1841 non
565 1807 731 1845 commemorant.
781 1834 783 1837 .

53 1872 76 1924 3)
95 1873 216 1925 Scytharum
237 1873 321 1914 historia
343 1875 438 1914 uniuersa
456 1874 495 1912 hnc
512 1885 578 1926 nsque
601 1873 622 1911 in
640 1873 730 1913 tenebris

53 1946 113 1994 iacet;
133 1947 247 1986 Herodotus
265 1950 285 1986 et
305 1946 349 1998 ipse
368 1947 400 1985 hic
419 1945 460 1984 illic
479 1945 560 1985 videtur
578 1958 611 1984 res
631 1945 685 1984 haud
702 1945 730 1985 ita

53 2022 119 2058 certas
135 2019 255 2070 Scytharum
268 2017 365 2058 historiae
380 2019 490 2069 adiungere
506 2017 531 2057 cf.
546 2018 729 2058 Bruudstueterum

51 2104 97 2143 pag.
107 2091 206 2131 75—78.
235 2090 258 2141 4)
276 2090 355 2131 Eodem
372 2092 415 2131 fere
434 2095 537 2141 tempore,
557 2103 598 2142 quo
616 2090 741 2151 Herodotum

2 2183 4 2186 ·
53 2163 174 2216 Scytharum
189 2162 339 2214 expeditionem
354 2163 424 2214 tradit,
444 2163 545 2214 scriptura
560 2176 626 2213 sacra,
642 2151 740 2215 Berosus}

52 2236 107 2289 apud
125 2235 232 2288 Jcseplaum
251 2239 323 2275 contra
341 2236 416 2289 Apion.
427 2235 446 2284 l,
465 2235 564 2275 Eusebius
583 2236 659 2275 Chron.
672 2218 739 2279 Arm}

33 2324 35 2327 ·
53 2323 72 2361 p.
81 2309 117 2360 32,
134 2308 249 2348 Chaldaeos
263 2308 340 2349 faciunt
353 2310 470 2362 Aegyptum
484 2321 551 2362 nsque
565 2308 685 2360 procedere.

95 2381 140 2421 Jam
158 2394 209 2422 vero
228 2395 290 2434 quum
310 2382 333 2434 l)
349 2383 369 2422 in
387 2381 478 2422 inanimis
496 2380 551 2422 illins
565 2382 664 2434 temporis
679 2395 728 2434 gen-

52 2454 102 2495 tium
119 2453 274 2508 migrationibus
292 2467 353 2507 saepe
372 2451 500 2493 inveniantur
517 2454 607 2506 gentium
622 2455 730 2495 consocia·
749 2441 752 2446 ¹

53 2528 119 2569 tiones
133 2541 183 2569 mox
196 2527 281 2568 traditae
296 2541 344 2568 mox
359 2525 452 2576 omissae,
467 2526 530 2567 veluti
540 2528 656 2568 Herodotus
669 2528 730 2569 tradit

50 2600 139 2641 Niniyen
154 2615 166 2640 a
181 2600 274 2653 Oyaxare
289 2604 424 2653 expugnatam
438 2612 494 2649 esse,
512 2600 608 2652 Iosephus
621 2599 729 2653 Archaeol.

52 2675 80 2724 X,
90 2673 103 2712 6
112 2673 238 2725 Babylonios
248 2673 304 2713 addit
313 2674 391 2722 socios;
408 2687 469 2727 quum
484 2673 508 2723 2)
519 2672 627 2725 Babylonii
635 2673 674 2712 hoe
683 2672 728 2724 ipso
