1792 3089
326 152 368 187 cm.
381 152 404 195 Π,
417 165 432 186 v.
444 152 460 188 4.
707 156 735 195 49

52 257 77 300 ad
95 256 201 300 notionem
219 255 306 297 activam
324 257 442 299 carnificum
461 258 559 308 ducente,
583 270 629 298 cum
643 256 734 311 appella-

51 334 107 375 tione
121 334 200 387 aptiore
215 341 249 372 aa:
266 336 410 373 commutatum
424 337 461 374 est.
487 330 595 384 Propriam
609 332 660 372 hanc
674 330 733 373 vocis

51 407 92 450 vim
110 422 121 449 e
139 407 237 448 memoria
258 418 301 446 non
323 407 445 458 excessisse,
467 405 542 459 prohat
561 405 664 458 Zephania
682 405 734 445 hauc

52 484 117 537 ipsam
134 483 160 523 ob
180 493 263 521 causam
276 479 396 522 Philistaeos
412 480 489 521 Cretim
507 493 596 532 vocans,
615 483 638 520 ut
657 478 683 520 sit
696 491 735 519 no-

52 571 98 598 men
109 561 129 599 et
140 569 210 606 omem
223 556 243 596 id
252 555 308 610 quod
318 555 405 596 dilucide
414 558 497 608 apparet
508 567 532 595 er
543 554 616 596 Ezeclr.
626 553 697 605 XXV,
708 553 735 593 16

52 641 115 673 nana:
130 643 158 672 na
174 641 248 682 anunm,
268 631 302 684 qui
316 633 410 671 nostrum
423 628 492 670 locum
506 628 619 682 respiciens
634 640 735 682 epexege-

52 706 84 746 sin
104 705 204 759 quandam
222 705 288 757 affert,
311 704 399 757 eleganti
420 703 563 756 paronomasia
586 707 643 744 sorte
663 714 735 743 eorum

52 780 193 832 pronunciata.

95 851 309 907 Philistaeorumllos.
319 852 380 903 XIII,
395 852 408 891 3
423 851 555 891 nominantur
570 848 659 904 quinque
674 856 737 901 regna

55 927 120 979 Gaza,
139 925 247 978 Aschdod,
267 926 349 978 Ekron,
367 924 486 966 Aschkalon
504 928 524 964 et
539 924 600 974 Galli,
620 934 672 976 quae
687 909 737 963 cou-

53 1000 110 1041 tinua
130 1014 177 1041 cum
194 999 277 1040 Judaeis
297 999 351 1040 bella
370 1003 488 1052 gesserunt,
513 1010 563 1038 mox
580 998 611 1038 his
631 1009 680 1037 mox
697 995 737 1036 illis

53 1073 172 1116 victoribus.
196 1074 259 1114 Vates
275 1086 320 1114 eam
334 1073 361 1114 ob
376 1086 459 1114 causam
469 1072 584 1113 Philistaeis
598 1083 648 1124 prae
663 1068 737 1110 ceteris

54 1161 142 1201 poenam
153 1147 242 1188 divinam
249 1147 368 1188 annuntiant
383 1147 407 1187 cf.
418 1147 462 1188 Jes.
474 1146 532 1197 XIV,
545 1145 645 1185 2842.
665 1142 735 1184 Amos.

7 1238 9 1241 ·
54 1222 74 1272 Ι,
90 1223 109 1263 7.
122 1221 141 1262 8,
168 1220 265 1262 Amosum
284 1221 347 1273 Zeph.
362 1220 455 1274 sequitur
474 1223 562 1274 quatuor
578 1222 657 1259 tantum
674 1217 737 1258 urbes

19 1305 21 1310 ·
55 1295 174 1346 nominans,
190 1294 265 1335 omissa
281 1294 343 1345 Gatlr,
366 1293 423 1335 ouius
438 1294 469 1334 rei
484 1306 566 1335 causam
579 1293 615 1333 vix
628 1292 738 1344 indagave-

56 1365 90 1408 ris.
120 1367 200 1408 Etenim
216 1367 272 1422 quod
288 1366 388 1410 coeliano
402 1371 470 1421 putat,
493 1368 545 1408 Galli
560 1366 598 1408 sub
612 1366 739 1407 Judaeorum

57 1441 133 1482 ditione
148 1442 222 1493 fuiSse,
238 1441 378 1483 difficultatem
391 1442 455 1483 vincit
469 1441 561 1496 quidem,
580 1440 618 1482 scd
632 1453 740 1494 argumen—

56 1515 82 1556 tis
94 1515 157 1568 ipsius
165 1527 209 1555 non
219 1515 267 1556 satis
276 1519 307 1557 est
315 1516 481 1567 demonstratum,
489 1529 535 1556 nam
544 1515 563 1555 ll
573 1514 650 1555 Clrron.
658 1514 739 1567 XXVI,

57 1589 76 1630 6.
90 1591 102 1630 7
118 1589 178 1630 etiam
191 1588 289 1630 Asclrdod
304 1589 378 1630 dicitur
392 1590 416 1629 ab
432 1590 481 1630 Usia
495 1592 642 1642 expugnamus
658 1589 677 1628 II
687 1589 738 1641 Reg.

57 1663 138 1713 XVIII,
153 1663 166 1702 8
183 1661 235 1702 Galli
249 1675 276 1703 ne
290 1663 407 1703 nominatur
422 1662 514 1716 quidem3
536 1661 598 1703 Mich.
608 1661 627 1713 l,
642 1662 669 1702 Io
686 1662 739 1702 Goth

36 1750 38 1752 ’
57 1735 140 1776 Judaeis
161 1734 274 1787 subJectum
293 1737 357 1777 fuisse
376 1736 494 1777 necessario
513 1734 583 1788 colligi
602 1748 645 1775 non
663 1739 739 1788 potest,

58 1823 120 1863 quum
135 1809 193 1849 etiam
209 1809 299 1851 hostium
313 1810 362 1851 urbs
377 1810 475 1850 terminus
489 1808 576 1849 indicari
590 1809 665 1862 possit,
684 1809 740 1849 unde

58 1896 125 1937 poena
140 1884 212 1932 irruat-3
228 1884 289 1925 immo
304 1882 349 1925 Am.
359 1884 394 1935 Vl,
409 1885 422 1923 2
437 1884 484 1924 huic
497 1882 609 1923 sententiae
624 1896 740 1936 repugnare

59 1957 144 1997 ridetur.
172 1958 339 1998 Demonstratrun
354 1958 415 2010 igitur
428 1970 472 1998 non
487 1961 528 2010 est,
548 1957 600 1997 Goth
615 1957 636 1997 in
650 1956 741 1998 ludaeo-

58 2044 104 2071 rum
120 2031 243 2072 remansisse
262 2031 348 2083 ditione,
366 2033 434 2074 tamen
452 2031 487 2073 vel
504 2031 543 2071 hac
560 2030 641 2072 ratione
659 2044 741 2073 oausam

58 2104 115 2145 urbis
135 2105 222 2145 omissae
237 2105 368 2158 conjicimus,
386 2106 421 2148 rel
434 2109 491 2148 rates
509 2104 592 2146 labante
606 2106 694 2147 fortasse
707 2106 743 2148 vel

59 2178 154 2220 inclinata
170 2179 239 2222 Galliis
254 2180 336 2221 fortuna
351 2179 444 2234 eirempla
457 2183 536 2221 tautum
549 2179 695 2233 propositurus
706 2181 741 2221 has

60 2257 148 2306 quatuor
166 2253 228 2294 urbes
248 2255 342 2295 sulficere
360 2239 487 2297 existimavit
520 2253 579 2293 Ordo
593 2253 708 2297 minationis
723 2254 741 2294 is

61 2332 98 2378 est,
113 2330 136 2368 ut
147 2328 235 2380 primum
249 2327 342 2381 singulae
357 2327 442 2369 civitatis
456 2330 525 2380 partes
534 2327 680 2381 increpentur,
694 2342 713 2369 v.
722 2328 742 2379 4,

61 2400 134 2441 deinde
153 2401 262 2443 universae
281 2401 357 2442 ciuitati
377 2401 460 2442 exitium
478 2402 615 2442 anmrucietur
630 2403 682 2453 v.5,
699 2396 744 2442 tum

10 2508 12 2512 ,
60 2473 141 2516 futurus
160 2475 215 2517 exitii
233 2479 297 2518 status
316 2475 443 2517 describatur
461 2489 479 2517 r.
491 2477 516 2524 6,
534 2480 640 2530 postremo
653 2475 743 2517 Judaeo-

60 2562 106 2589 rum
120 2549 168 2589 inde
183 2550 313 2591 commodum
327 2553 456 2603 proponatur
469 2563 489 2591 v.
498 2549 517 2591 7.

104 2636 124 2664 v.
140 2626 160 2663 4.
190 2625 245 2664 num
265 2625 321 2665 Gcsc
339 2625 437 2666 derelicto
450 2625 491 2665 erit
509 2629 528 2664 et
548 2623 744 2691 Asculonnmn'tcs,

62 2695 155 2755 Aschrlorl
174 2697 259 2738 coemtio
281 2698 382 2750 expellent
403 2711 448 2738 eom
470 2703 491 2738 et
508 2698 580 2739 Ekron
600 2696 744 2739 eradicabitur.

53 2789 61 2815 r
320 2774 325 2794 ⁵'
381 2804 382 2807 η
596 2772 609 2811 I
