1792 3089
151 129 186 157 nli*
415 111 562 146 Paciscouurn

152 231 163 257 e
178 217 245 258 medio
260 215 341 257 sublato
355 229 424 269 regem
441 215 459 256 ei
474 216 535 267 dedit,
552 217 586 270 qni
600 216 633 256 uel
648 216 740 257 octennis
749 210 830 268 pietatis

151 290 262 345 specimina
281 289 344 330 edidit
364 293 425 343 atque
443 302 481 342 per
495 293 560 329 toturn
574 289 628 330 vitae.
643 303 691 331 suae
705 294 785 342 tempus
799 293 830 329 ta-

150 364 191 405 lem
206 376 228 404 se
243 364 315 417 gessit,
331 362 396 417 qualis
411 362 523 403 secuudum
538 363 614 415 Ichg.
623 363 706 411 XXIII,
720 364 748 402 25
763 374 830 415 neque

152 437 190 478 Iuit
203 440 250 477 ante
264 450 316 487 eum,
331 449 398 490 neque
413 438 461 488 post
476 448 528 486 eum,
546 436 580 489 qui
589 436 659 476 similis
670 440 729 486 esset,
745 439 830 476 exortus

152 515 189 551 est.
215 512 235 551 Is
249 514 316 550 autem
331 510 370 557 hoc
385 508 424 549 sibi
438 509 506 549 datum
521 522 567 550 esse
582 509 674 560 credidit,
689 514 712 550 ut
722 508 830 550 destructis

152 584 238 624 deorum
253 582 365 624 simulacris
381 581 449 622 onmia
463 582 614 635 superstitionis
623 583 709 637 vestigia
717 586 777 636 atque
786 595 830 622 mc-

151 660 248 698 numeuta
268 668 355 708 prorsus
378 659 484 695 everteret.
520 656 582 706 Quod
602 656 723 697 enrendaudi
742 655 830 696 studium

153 730 212 770 etiam
227 735 307 770 auctum
323 733 360 779 est,
376 741 445 782 quum,
461 728 556 781 euernplo
570 728 621 782 legis
631 729 733 770 illosaieae
747 728 768 769 iu
780 732 830 768 tem-

152 802 188 856 plo
202 802 334 844 instaurando
349 805 442 853 reperto,
464 801 528 842 minas
544 801 576 842 dei
591 802 719 855 gravissimas
733 801 830 855 perterri-

152 881 186 918 tus
205 875 330 916 auscultaret
348 879 408 928 atque
428 875 495 914 Hulda
515 879 572 915 vates
593 875 715 916 calamitates
733 874 831 914 maximas

152 962 219 1002 prope
238 949 314 989 instare
330 947 464 1000 praediceret.
492 948 588 988 Funestis
607 962 657 988 vero
673 947 780 1000 impietatis
794 959 831 999 pe·

124 1050 126 1052 »
153 1022 190 1063 stis
208 1022 307 1062 infecerat
325 1033 397 1060 ornnes
411 1019 535 1071 reipublicae
550 1024 624 1068 status3
645 1007 762 1060 sacerdotes
778 1019 831 1059 enim

152 1098 214 1147 atque
228 1094 340 1146 prophetae
355 1091 389 1132 vel
399 1091 457 1131 Baali
471 1096 541 1143 aperte
555 1105 577 1131 se
593 1092 751 1143 obstrinxerant,
765 1091 799 1131 vel
814 1090 832 1131 si

153 1166 201 1220 quid
222 1165 295 1206 restit‘t
315 1163 411 1216 pudoris,
434 1164 455 1204 in
473 1172 580 1218 utramque
597 1168 675 1216 partem
694 1164 831 1205 claudicantes

152 1239 251 1279 Jelrovarn
265 1241 326 1291 atque
339 1237 422 1277 Baalem
437 1236 493 1276 cultu
509 1237 669 1289 conjungebant3
685 1237 787 1289 principes
802 1240 831 1276 at-

153 1324 193 1365 que
208 1310 286 1350 iudices
300 1322 343 1349 nou
357 1309 438 1362 pictatis
453 1310 546 1362 exempla
560 1310 596 1350 sed
611 1310 714 1361 pravitatis
722 1309 831 1350 illecebrae

154 1383 218 1424 officii
232 1382 264 1423 sui
277 1382 406 1422 immemores
421 1381 482 1422 saluti
496 1382 582 1422 civitatis
592 1382 685 1431 deerant3
701 1396 726 1422 ex
737 1382 831 1423 domibus

154 1455 187 1496 dei
201 1455 330 1508 providentia
348 1458 420 1507 negata
439 1455 518 1495 suffitus
539 1447 685 1496 sacrificiorum
699 1455 760 1496 idolis
775 1455 832 1496 ebla-

153 1532 223 1568 torum
242 1526 370 1568 ascendebat.
400 1527 426 1567 Et
442 1527 489 1568 huic
506 1527 589 1581 quidem
605 1528 693 1568 nefariae
709 1528 766 1581 vulgi
780 1528 833 1581 pesti

154 1601 281 1642 curationem
299 1603 360 1653 atque
378 1600 498 1640 medicinam
516 1600 612 1641 adhibere
630 1601 751 1642 studuerunt
764 1601 831 1642 Josias

154 1687 201 1714 cum
214 1673 320 1727 prophetis
336 1677 396 1727 atque
410 1673 491 1726 paucis,
511 1674 545 1727 qui
559 1675 659 1726 segregati
674 1674 699 1714 ab
714 1674 832 1715 idololatra-

153 1760 200 1787 rum
215 1746 312 1787 societate
326 1746 534 1788 inausuetidehovani
548 1746 666 1788 adorabant.
687 1748 716 1788 At
728 1761 779 1788 vero
793 1760 833 1800 po-

154 1819 222 1873 pulus,
238 1819 256 1860 si
270 1818 418 1872 aliquantulum
432 1820 458 1859 ad
472 1820 548 1860 bonam
562 1820 641 1872 frugem
655 1833 677 1860 se
692 1821 776 1872 recepit,
791 1834 833 1861 ma-

154 1893 184 1946 gis
200 1906 225 1933 ex
239 1896 304 1943 metu,
323 1906 350 1933 ne
362 1893 422 1952 ‘regis
437 1892 597 1945 indignationem
612 1896 714 1943 moueret,
733 1905 793 1946 quam
807 1907 833 1933 ex

153 1965 215 2006 animi
233 1965 333 2006 sententia
351 1979 373 2007 se
392 1966 464 2019 gessit,
485 1979 549 2020 quare
567 1966 662 2019 supplicii
676 1966 720 2006 dies
734 1979 776 2007 uon
791 1980 833 2006 am-

154 2038 209 2091 plius
224 2038 262 2077 fuit
276 2037 406 2078 differendus.
433 2039 522 2079 Primum
537 2043 603 2080 autem
618 2040 660 2080 irae
676 2040 754 2079 divinae
770 2040 833 2080 docu-

154 2114 246 2151 mentum
263 2109 300 2149 fuit
318 2109 388 2149 infelix
406 2110 460 2162 regis
479 2111 549 2163 optimi
563 2113 666 2163 interitus
687 2126 712 2152 ex
727 2127 768 2165 quo
783 2119 834 2156 tem-

154 2196 206 2237 pore
221 2195 282 2223 omne
297 2182 432 2223 calamitatum
446 2195 510 2235 genus
525 2184 603 2236 populo
618 2185 705 2225 Iudaico
720 2186 783 2226 inruit.

407 2292 424 2334 O
433 2293 451 2334 A
460 2294 476 2334 P
485 2295 502 2334 U
511 2296 528 2335 Τ
557 2296 581 2336 II.

345 2385 374 2414 ue
389 2384 508 2415 ZEPnlniAE
523 2386 645 2416 rimemus.

463 2456 481 2512 p.
505 2460 525 2498 1.

197 2550 221 2590 lu
239 2547 334 2589 omuibus
351 2550 420 2588 vatum
439 2548 503 2589 effatis
521 2549 670 2590 consideranda
685 2554 716 2590 est
728 2554 783 2592 aetas
798 2563 834 2591 eo-

154 2636 198 2664 rum
217 2621 331 2677 populique
350 2620 455 2673 condicio,
475 2634 527 2675 quae
545 2635 606 2664 causa
625 2625 656 2664 est
670 2625 833 2676 ammittuntur,
