1792 3089
356 145 400 184 CAP.
413 146 430 190 Ι,
448 159 464 183 v.
478 144 504 185 12.
745 149 773 191 23
818 111 820 115 Ι

87 264 136 302 τοις
155 242 267 306 χρώμενοι
286 243 344 289 κατὰ
358 247 402 289 τῶν
417 240 559 297 ἑαλωκότων,
579 245 650 287 ταῦτα
668 245 700 302 aqi
719 241 772 302 ἰδίῳ

566 313 573 330 ³
594 315 600 331 Χ
635 312 648 330 Ἀ
696 318 706 329 Ν

88 317 205 380 προςώπῳ,
219 315 347 378 προςάπτει
361 318 426 374 θεὸς,
446 314 486 373 οὐχ
500 314 531 369 ὠς
546 332 616 369 ccccc
630 334 660 360 ων
674 333 718 360 των
733 314 772 362 οῧ-

89 389 141 447 πωξ
147 388 249 438 ἐκτόπιον
263 389 368 450 ἐργάτης,
384 387 414 443 ὡς
429 390 502 450 ἐφιεὶς
516 390 542 436 δὲ
555 389 642 446 μᾶλλον
656 389 714 433 κατὰ
728 391 773 434 τῶν

88 545 184 586 Hieram:
199 542 293 593 „nullum
306 542 394 584 inultum
407 542 496 596 patietur
509 543 605 596 effugere.
627 542 728 595 Legamus
736 541 773 583 Jo-

90 617 147 671 sephi
164 615 270 657 historiam
289 619 309 657 et
326 616 355 656 ihi
373 616 499 670 reperiemus
519 605 627 670 scriptum,
650 616 676 656 de
695 615 772 657 cloacis

89 703 172 747 quoquc
187 693 207 731 et
221 688 325 742 speluncis
341 693 361 730 et
375 690 438 730 antris
453 693 473 730 et
487 689 588 743 sepulcris
601 692 704 730 extractos
714 689 772 743 prin-

90 766 145 818 cipes
161 767 181 804 et
195 763 312 805 sacerdotes
329 767 349 804 et
362 767 464 816 potentes,
474 761 514 818 'qui
529 776 551 804 se
566 763 588 803 in
602 763 632 803 eis
646 767 702 804 metu
715 776 773 804 mor-

90 839 115 879 tis
134 837 307 879 absconderam
342 837 497 878 Occultissimas
515 837 578 889 igitur
596 849 688 891 quasque
704 841 773 890 partes

89 916 149 966 atque
163 910 248 952 latibula
263 911 320 962 deus,
336 911 369 952 cui
383 923 427 951 nox
441 910 536 964 splendet
550 909 595 951 sole
610 909 656 963 ipso
671 910 772 959 illustrius

91 990 111 1027 et
126 984 210 1036 elarius,
230 984 328 1036 visitabit,
351 989 374 1027 nt
393 984 466 1038 impios
481 996 561 1038 poenae
576 987 668 1025 maturos
683 984 773 1037 colligat,

41 1115 43 1126 ,
90 1063 110 1101 et
122 1059 193 1113 puniat
210 1058 267 1100 viros
285 1055 371 1098 unarum
386 1054 414 1100 tn
433 1066 519 1109 arnapa.
548 1058 597 1098 Vox
611 1066 652 1109 sap
667 1058 775 1100 notionem

89 1150 149 1197 habet
166 1147 300 1191 contrahendi
319 1147 372 1189 sicut
386 1133 440 1196 »ἷξε
466 1148 490 1188 ci.
506 1147 560 1189 Hiob
575 1147 603 1200 X,
620 1148 647 1189 m
669 1149 694 1189 de
713 1149 771 1200 seris,

90 1230 148 1271 Sach.
158 1227 212 1280 XIV,
229 1229 242 1269 6
257 1228 283 1268 de
296 1227 393 1281 pretiosis
412 1227 541 1270 comminutis
556 1227 708 1281 quodammodo
724 1241 773 1269 coa-

90 1302 173 1357 gulatis,
188 1302 226 1343 Ex.
239 1301 289 1353 XV,
305 1302 318 1342 8
334 1302 359 1342 de
373 1301 470 1343 fiuctibus
484 1300 546 1342 maris
561 1313 631 1342 coram
646 1301 685 1342 deo
700 1301 773 1343 immo-

89 1378 122 1418 tis.
151 1374 224 1417 Nostri
237 1374 280 1415 loci
294 1374 395 1416 sententia
408 1375 473 1428 magis
487 1374 598 1428 perspicua
613 1377 644 1416 est
658 1388 684 1415 ex
697 1375 773 1417 ierem.

90 1446 186 1500 XLVIII,
203 1447 280 1500 1111,
297 1452 317 1489 et
330 1447 453 1501 respiciente
469 1460 515 1488 eum
530 1447 689 1501 et'explicante:
704 1453 775 1500 „tram

92 1522 167 1579 quillus
187 1525 219 1562 est
231 1521 294 1562 lllcab
314 1534 340 1562 ex
356 1522 465 1573 Juventnte
480 1534 517 1562 sna
536 1525 556 1562 et
571 1521 679 1577 quiescens
694 1521 775 1577 ipsein

92 1595 182 1637 faecibus
198 1594 241 1636 suis
255 1607 323 1649 neque
337 1595 454 1636 transfusus
469 1607 495 1635 ex
508 1607 558 1637 vase
572 1595 654 1647 iuvas,
670 1596 727 1637 etin
741 1610 775 1638 ea-

35 1713 46 1719 „
92 1669 204 1724 ptivitatern
218 1682 262 1710 non
275 1668 321 1718 ivit;
338 1668 470 1722 quamobrem
481 1669 594 1722 permansit
605 1673 678 1723 gustus
694 1671 737 1712 eius
752 1672 774 1712 in

92 1757 117 1784 co
134 1746 153 1783 et
168 1743 222 1783 odor
237 1743 280 1784 eius
294 1755 338 1783 nou
352 1745 440 1783 mutatus
456 1747 493 1785 est.
527 1745 596 1794 Quare
663 1744 741 1785 mittam
756 1745 775 1786 ei

91 1816 219 1868 inclinantes,
234 1820 257 1858 ut
271 1816 370 1857 inclinent
384 1829 431 1858 eum
446 1821 466 1858 et
479 1830 528 1859 rasa
544 1817 702 1860 eius'euacuent
717 1822 737 1861 et
744 1819 774 1860 la-

92 1966 150 2007 cibus
160 1963 281 2005 incumbens
292 1963 384 2004 valorem
396 1964 476 2015 retinet,
492 1964 564 2006 divites
577 1964 717 2019 voluptatibus
731 1967 774 2009 suis

41 2054 46 2063 ²
91 2040 207 2094 opibusque
227 2050 300 2078 secure
318 2038 469 2101 fruunturpjcf.
485 2037 566 2081 carna.-
588 2035 630 2091 „in
647 2035 704 2083 111111
723 2037 774 2092 tium

91 2124 180 2166 pnsum,
196 2111 231 2166 qni
242 2111 388 2165 tranquillitate
395 2112 491 2154 fruuntur
503 2113 524 2154 iu
533 2112 608 2155 divitiis
618 2112 683 2155 51111.α
707 2114 776 2156 111111-

90 2188 138 2241 gna
151 2185 318 2240 tranquillitatem
331 2185 394 2227 nullis
413 2187 607 2229 commutationibus
621 2187 722 2229 turbatam
737 2200 777 2229 no·

92 2266 136 2303 stro
150 2261 199 2303 loco
218 2261 286 2302 inesse
302 2264 373 2314 negat,
393 2261 431 2302 sed
447 2261 514 2303 solum
530 2262 599 2315 potius
616 2261 705 2302 animum
720 2266 776 2303 tran-

92 2335 188 2390 quillum,
204 2334 328 2376 obstinatum
342 2334 444 2388 intelligit,
459 2339 482 2376 ut
497 2335 588 2376 discedat
602 2349 614 2376 a
628 2335 730 2378 Jeremiae
744 2337 776 2378 in-

92 2409 249 2463 terpretatione:
263 2412 284 2450 at
297 2408 369 2450 Macer.
383 2408 436 2450 bcue
452 2408 542 2450 ostendit
556 2408 724 2464 tranquillitatem
739 2425 775 2452 ex-

92 2488 171 2525 ternam
185 2484 327 2538 internamque
341 2483 363 2524 in
376 2487 465 2538 utroque
479 2484 528 2525 loco
544 2484 709 2538 conjungendam
723 2497 775 2527 esse.

93 2558 147 2599 Sunt
161 2561 229 2599 autem
242 2560 310 2600 faeces
325 2561 418 2612 peccata,
436 2558 457 2599 in
473 2557 547 2613 quibus
562 2558 619 2612 impii
632 2559 713 2612 penitus
729 2563 777 2600 suut

94 2631 165 2682 defixi,
191 2644 243 2684 quae
267 2632 372 2686 pravitatis
398 2646 447 2674 suae
470 2634 550 2684 exitum
571 2634 688 2693 luctuosum
710 2632 777 2673 serius

93 2704 153 2746 ocius
168 2704 275 2747 adducent.
305 2706 384 2760 Stupor
401 2707 469 2762 itaque
489 2720 561 2749 omnes
579 2706 662 2749 illorum
680 2706 777 2761 congela-
