1792 3089
342 151 487 187 Puorneonnnn.
701 166 753 195 xxlx

75 258 148 299 radicis
163 259 241 298 formae
256 255 348 297 diversae
363 255 389 296 ct.
399 257 413 306 l,
428 257 461 295 15.
473 256 507 296 18.
522 256 547 305 ll,
563 256 583 306 t,
598 259 659 309 atque
674 256 753 298 radices

74 333 150 372 similes
166 335 185 381 I,
200 332 220 370 2.

117 405 187 444 Genus
205 406 274 442 autem
293 400 382 451 dicendi,
402 400 493 454 quamvis
512 400 592 441 Jesaiae
610 403 755 453 praestantiam

74 481 136 529 atque
150 477 243 527 vigorem
255 473 358 513 Habacuci
372 473 393 512 iu
408 473 473 525 capite
488 473 548 513 tertio
563 473 698 526 conspicuum
711 488 754 516 non

77 553 186 602 exaequet,
205 552 272 587 tamen
290 560 357 600 neque
373 546 471 598 elegantia
490 548 545 586 caret
559 559 626 599 neque
641 546 755 598 alacritate;

76 621 192 661 admiranda
207 624 238 660 est
252 619 328 672 ingenii
343 619 463 670 dexteritas,
482 631 522 671 qna
535 623 604 658 vatum
618 620 712 672 priorum
726 622 756 661 el-

76 695 116 733 tata
130 694 151 733 in
163 706 223 734 usum
239 706 298 733 suurn
313 691 420 732 convertit.
449 690 549 743 Imagines
564 692 622 731 affert
635 706 678 733 non
693 694 755 735 modo

76 764 196 819 sibimetipsi
210 766 305 818 proprias
318 778 391 805 verum
407 764 465 803 etiarn
480 777 523 803 rem
533 764 688 805 describendam
695 780 756 819 prae-

78 840 132 880 clare
147 840 282 888 illustrantes,
302 837 378 890 ingenii
396 837 492 888 impetum
507 841 611 879 testantes.
640 839 757 881 Parallelis-

77 925 122 953 runs
137 912 285 961 membrorum,
300 923 343 950 non
357 923 395 963 per
410 923 481 950 ornnes
495 914 564 962 partes
579 911 710 963 observatus,
725 913 757 954 in-

77 985 158 1025 terdum
176 988 207 1025 est
222 983 315 1036 egregius
331 987 392 1036 atque
408 982 488 1022 dicendi
502 995 566 1034 genus
581 984 675 1036 sequitur
688 999 758 1027 rerum

77 1058 178 1097 rationem
192 1069 244 1110 (puae
259 1069 308 1096 mox
323 1054 417 1107 deprimit
430 1058 507 1105 vatem,
525 1068 574 1095 mox
587 1056 647 1098 altius
662 1059 757 1112 assurgit.

119 1128 231 1169 Iazabatai
245 1128 351 1168 contendit
364 1141 431 1181 neque
446 1141 527 1168 morum
535 1128 625 1168 indolem
637 1142 705 1184 neque
713 1132 758 1184 pie-

78 1205 223 1264 tateirraperte
238 1201 336 1253 spectari3
356 1214 408 1254 qnae
423 1200 523 1240 sententia
538 1213 598 1253 quam
613 1202 639 1242 sit
653 1203 759 1245 arbitraria

79 1280 140 1329 atque
158 1288 184 1316 ex
201 1274 318 1326 interpretis
337 1273 421 1313 arbitrio
436 1274 534 1326 pendeat,
554 1274 680 1316 demonstrat
695 1275 759 1318 Goell-

79 1350 126 1388 πίω
139 1347 253 1398 (Biblisclre
267 1346 379 1399 Tlreologie
393 1359 438 1399 pag.
450 1347 513 1397 317),
532 1347 567 1400 qui
582 1349 634 1387 hanc
648 1348 713 1401 ipsam
725 1364 759 1390 ra-

80 1422 158 1462 tionem
172 1434 184 1459 a
198 1420 279 1460 nemine
294 1423 362 1459 vatum
377 1419 469 1471 priorum
488 1424 528 1459 tam
543 1420 637 1460 distincte
651 1426 713 1475 atque
727 1423 759 1463 in-

81 1495 154 1548 signite
169 1493 270 1546 depictam
284 1505 330 1533 esse
345 1493 458 1533 confirmat.
489 1492 551 1542 Quod
565 1492 583 1532 si
596 1493 708 1535 Knabeltaa
722 1496 759 1537 do-

82 1568 173 1617 ctrinam,
191 1580 230 1619 qna
245 1580 330 1619 regnum
344 1566 434 1605 divinum
449 1578 491 1604 non
506 1565 597 1617 angustis
612 1568 685 1620 populi
697 1569 759 1611 unius

41 1655 43 1658 ·
81 1641 156 1680 finibus
171 1638 350 1679 circumscribatur
365 1638 401 1679 sed
416 1651 487 1678 omnes
503 1638 586 1678 omnino
596 1639 688 1681 homines
703 1655 760 1682 com-

81 1713 189 1766 plectatur,
205 1711 286 1764 egregie
302 1711 382 1764 quidem
399 1711 499 1763 prolatam
513 1710 565 1751 locis
576 1713 600 1761 ll,
616 1713 635 1753 7.
646 1714 666 1753 9.
682 1716 717 1765 lll,
733 1716 760 1756 19

83 1787 178 1839 opinatur
192 1785 319 1824 Judaeornm
335 1784 403 1824 studio
419 1784 492 1823 cedere
509 1784 548 1823 sibi
563 1784 613 1825 solis
628 1786 714 1826 salutem
728 1800 761 1828 ar-

82 1859 207 1912 rogantium,
227 1857 333 1897 notionem
345 1856 405 1908 regni
419 1856 491 1906 divini,
507 1860 547 1895 tam
561 1856 662 1911 latissime
672 1861 761 1912 patentis

83 1946 143 1985 qnam
158 1930 249 1983 arigustis
263 1930 311 1969 fidei
325 1929 400 1969 tinibus
415 1929 505 1980 coerciti,
520 1929 601 1970 videtur
615 1932 725 1984 negligere.

125 2003 199 2043 illelius
214 2003 308 2054 profecto
316 2003 412 2042 Ecouldur
423 2002 444 2041 id
454 2002 569 2053 Zephaniae
579 2003 712 2057 praecipuum
724 2006 762 2046 tri-

83 2077 133 2128 buit,
145 2076 201 2129 quod
209 2089 280 2116 omnes
289 2074 371 2115 omnino
380 2079 445 2115 terras
453 2081 514 2128 atque
522 2081 594 2129 gentes
602 2089 697 2118 sermone
706 2092 762 2119 conr-

83 2150 196 2203 prehendat
210 2153 270 2201 atque
285 2147 384 2200 spiritalia
397 2148 460 2189 totius
468 2153 535 2188 terrae
544 2149 584 2188 fata
594 2150 708 2201 speculanti
718 2151 762 2192 eius

85 2222 147 2263 oculo
166 2226 253 2275 pateant.
284 2222 341 2271 Quae
356 2223 407 2262 ratic
422 2221 471 2262 licet
488 2227 605 2273 comparato
620 2222 712 2275 inprimis
727 2224 763 2265 Je—

85 2296 126 2335 saia
140 2308 183 2335 non
202 2295 228 2335 sit
241 2307 328 2347 prorsus
342 2307 406 2345 noua,
424 2299 492 2334 tamen
507 2298 633 2348 quantopere
649 2296 764 2349 Zephaniae

16 2379 17 2382 ¹
37 2386 55 2426 χ
85 2368 111 2408 sit
128 2368 213 2420 propria
231 2371 316 2420 apparet
329 2366 389 2407 Joele
407 2371 513 2419 respect03
535 2368 609 2408 etenim
627 2369 680 2409 sicut
693 2370 728 2411 ille
742 2371 764 2412 in

8 2478 10 2485 χ
84 2440 142 2481 initio
150 2441 231 2492 periodi
237 2441 315 2493 primae
323 2453 383 2493 quam
393 2440 463 2480 dieunt
470 2440 550 2481 Jesaiae
562 2441 675 2483 collocatus
684 2447 721 2495 est,
736 2444 763 2485 ita

4 2621 10 2706 ί,

1 2707 6 2732 l

85 2513 188 2570 Zephania
202 2513 283 2566 periodi
299 2512 402 2554 secundae
416 2512 501 2565 proprie
514 2514 592 2566 primus
607 2514 662 2555 Joeli
675 2519 715 2556 tarn
731 2517 764 2557 die

85 2586 155 2626 indicii
170 2586 273 2639 descripto
289 2600 349 2640 qnam
364 2586 455 2639 generali
469 2586 513 2626 eius
528 2586 637 2639 complexu
648 2592 678 2629 est
687 2588 766 2629 simillia·
807 2636 809 2638 ¹

46 2680 53 2752 p
86 2672 141 2708 mus,
157 2659 260 2712 Zephania
274 2665 341 2701 autem
356 2663 434 2700 certum
449 2660 538 2700 vaticinii
553 2665 648 2701 eventum
662 2661 714 2702 adeo
728 2675 764 2702 ne-
