1792 3089
129 200 179 231 xxvi
345 175 347 179 ¹
393 171 539 219 Pnosrsousun.

130 289 164 343 git.
183 288 251 337 tdmor,
265 291 337 340 pastor
345 286 379 327 ille
387 288 507 339 'lecoensis
523 286 688 341 omnipotentiam
697 286 736 338 dei,
749 301 809 342 quam

130 362 170 415 ipsi
184 363 204 402 in
219 361 302 415 pascuis
317 360 408 401 solitario
423 360 514 402 visiones
527 361 606 403 divinae
621 360 744 411 revelarunt,
759 360 809 401 ima-
844 408 848 419 „
857 376 882 427 ay

130 435 211 489 ginibus
227 434 373 487 coloribusque
388 433 485 474 describit
493 448 617 486 pascuorum
624 434 741 482 memoriam
751 433 808 474 olen-
855 437 857 441 '
873 454 875 458 ·

129 508 194 557 tibus3
210 522 270 562 quam
285 507 452 559 omnipotentiam
463 506 540 547 Oboda
550 509 611 548 docet
620 507 808 548 vehementissimos
871 498 893 560 *¹¹³9

130 580 220 621 hostium
235 579 322 633 impetus
337 579 426 619 vincere.
451 579 619 632 OpponitJomrs
629 580 713 620 liberam
723 579 809 632 deigra-
852 600 853 605 =

129 653 183 703 tiam,
199 664 250 706 quae
262 653 363 705 populum
374 665 434 693 suum
444 663 487 692 non
495 657 581 705 propter
590 653 685 705 pietatem
695 653 737 693 eius
751 647 809 705 egre-
867 640 877 695 5⁵
889 637 892 648 ³

131 726 193 778 giam,
215 725 291 779 quippe
310 740 350 780 qua
369 730 440 778 gentes
458 724 517 765 facile
537 739 583 766 eum
602 726 752 778 superaverint,
772 726 809 765 sed
851 738 853 740 ·

129 802 216 851 propter
230 799 305 838 amoris
317 799 349 838 sui
357 797 485 838 affectionem
493 798 560 850 elegit.
583 794 743 849 Quamvis'enim
751 800 808 839 Deus

130 883 211 923 semper
226 870 266 928 sibi
279 871 340 911 fuerit
354 875 460 921 constans,
480 872 580 923 populum
595 870 684 912 ostendit
698 870 807 916 infidelem,
869 876 871 882 '

129 947 252 984 scortantem
266 944 343 984 Horcua
358 943 436 984 doloris
450 944 609 996 profunditatem
623 942 736 986 visionibus
747 946 808 996 atque
869 928 871 934 Δ

104 1053 106 1056 ,
127 1015 249 1068 imaginibus
268 1014 363 1056 obscuris
380 1021 492 1058 assecutus.
523 1018 592 1066 Quare
607 1028 669 1069 quum
683 1014 763 1067 Assyrii
776 1015 808 1055 iu—

129 1088 196 1128 stitiae
210 1087 290 1128 divinae
305 1088 391 1128 ministri
406 1087 529 1140 supplicium
547 1090 572 1128 de
585 1088 664 1140 populo
680 1088 806 1136 surnsisscnt,
870 1135 872 1138 .

128 1161 204 1213 gratiae
223 1160 302 1200 divinae
320 1160 377 1200 testis
396 1159 479 1201 Michas
492 1161 588 1210 mittitur,
609 1160 644 1213 qui
660 1172 736 1211 parvus
755 1173 807 1212 quo·

129 1232 238 1272 dammodo
252 1232 331 1272 Jesaias
345 1232 530 1273 tuturumlllessiae
546 1245 633 1284 regnum
647 1232 742 1272 distincte
756 1233 807 1272 vati-

129 1305 214 1355 cinatur,
227 1295 263 1346 vvel
276 1305 325 1353 loco
340 1320 382 1359 quo
397 1306 512 1347 nasciturus
527 1306 554 1347 sit
567 1306 663 1346 indicato,
679 1306 715 1347 Et
728 1319 755 1346 ne
769 1306 807 1347 hu-

128 1391 188 1419 mana
205 1378 298 1419 videatur
315 1378 448 1431 Assyriorum
464 1379 552 1420 victoria
568 1379 650 1420 hildam
667 1379 807 1420 ministrorum

126 1451 215 1498 iustitiae
228 1452 331 1493 interitum
346 1453 422 1494 iustum
437 1465 531 1494 sermone
539 1453 609 1493 vivido
617 1456 678 1506 atque
687 1452 806 1505 alaoripro-

126 1525 212 1565 nuntiat.
246 1527 304 1576 Quos
319 1529 376 1566 vates
396 1539 467 1567 omnes
486 1526 544 1579 quasi
563 1516 706 1578 complectitur
721 1525 805 1575 Jeraa'cas,

127 1598 202 1639 veteris
222 1598 338 1638 testamenti
355 1598 491 1651 evangelista,
508 1599 542 1650 qui
562 1598 587 1638 de
604 1596 740 1650 speculasua
754 1597 806 1638 elata
853 1607 855 1610 ’
878 1597 881 1609 ”

127 1670 185 1722 regni
199 1670 262 1710 divini
280 1684 363 1711 cursum
377 1672 430 1711 inter
444 1683 516 1710 onrnes
530 1671 606 1711 veteris
620 1670 735 1711 testamenti
749 1670 806 1710 viros
837 1667 838 1671 ’

126 1742 173 1796 pios
193 1743 320 1795 apertissime
341 1744 469 1797 prospiciens
489 1747 530 1783 tam
549 1743 670 1784 iudiciorum
690 1743 806 1783 divinorum

127 1816 220 1856 ordinem
238 1816 338 1868 intuetur,
358 1831 418 1871 quam
433 1815 513 1856 felicem
528 1815 604 1857 Christi
622 1816 731 1857 adventum
745 1820 807 1869 atque

126 1902 203 1930 novum
217 1889 305 1930 hlessiae
320 1903 412 1943 regnum.

167 1961 247 2001 Eodem
268 1963 311 2002 fere
336 1963 398 2003 modo
420 1962 523 2004 secundus
545 1961 640 2014 procedit
659 1962 806 2014 prophetarum

126 2033 185 2083 ordo,
201 2047 261 2086 quem
275 2035 329 2075 circa
339 2034 489 2076 Chaldaeorum
500 2036 629 2076 incursiones
640 2034 729 2091 *diximus
742 2034 805 2074 adeo
883 2089 886 2091 -

126 2107 278 2149 missumesse.
307 2106 335 2147 At
348 2108 365 2147 si
379 2108 460 2159 priores
474 2108 505 2149 illi
518 2112 575 2149 vates
583 2108 721 2148 Pentateucho
735 2108 805 2147 111111-

125 2183 160 2219 tur
174 2183 235 2232 atque
254 2191 301 2219 raro
320 2183 401 2219 taurum
412 2179 447 2220 alii
457 2181 544 2221 aliorum
555 2179 640 2232 vestigia
649 2182 751 2231 premunt,
766 2180 806 2218 iam
854 2177 857 2207 ἕ
878 2193 880 2196 ’

127 2252 229 2292 secundae
243 2250 324 2303 periodi
338 2250 419 2292 indoles
433 2251 479 2302 fert,
494 2256 517 2292 ut
528 2257 596 2293 vatum
606 2252 699 2304 priorum
711 2251 769 2290 effeta
779 2251 805 2290 de
874 2237 890 2279 J]

124 2323 225 2363 industria
240 2323 344 2364 videamus
359 2328 458 2377 respecta,
474 2337 563 2377 quorum
577 2331 662 2364 eventus
673 2336 729 2364 nouo
742 2336 803 2365 even-

123 2396 154 2436 tui
167 2396 272 2448 praedicto
287 2397 348 2436 fidem
362 2401 458 2450 praestat.
483 2398 509 2438 Et
523 2397 556 2438 hic
570 2397 652 2451 quidem
662 2396 740 2449 primus
751 2411 802 2452 pre-

123 2469 178 2510 cedit
192 2469 299 2521 Halotus,
317 2471 371 2511 inter
389 2475 496 2526 utramque
513 2471 623 2525 periodum
640 2471 729 2522 medius,
748 2464 812 2513 illius⁴

123 2543 241 2585 sublimitati
259 2542 317 2583 nullo
335 2544 397 2584 modo
416 2546 501 2595 cedens,
522 2545 582 2585 huius
600 2545 670 2584 hostes
689 2529 804 2587 Chaldaeos

123 2615 313 2675 appropinquantes
328 2631 425 2666 ceruens;
445 2618 493 2672 fidoi
508 2617 529 2657 in
543 2617 593 2671 ipsis
609 2617 642 2658 dei
655 2617 735 2660 iudiciis
749 2620 804 2661 haud

122 2680 243 2742 perterritae
257 2684 354 2745 hymnum
374 2693 428 2734 canit
441 2692 495 2732 inter
513 2690 677 2732 absolutissimos
692 2692 712 2733 in
728 2706 753 2734 eo
768 2706 804 2746 ge·
855 2685 857 2687 ’
