1792 3089
294 156 295 159 Ἰ
329 168 373 226 car.
385 187 408 232 11,
421 200 437 225 v.
450 186 465 227 1,
583 196 584 199 ’
645 211 648 215 ·
712 185 772 239 ΒΤ

64 312 89 340 ur
104 302 123 339 et
138 296 251 349 explicatur
265 293 302 333 Ex.
310 292 337 341 V,
346 293 365 342 7,
380 292 491 345 praecipue
502 305 521 332 v.
531 290 564 342 12,
579 291 658 332 Pharao
672 292 738 333 lsrae-

77 402 78 406 ,
122 373 162 410 etat
170 368 250 421 paleam
259 364 308 414 dari,
323 363 363 415 ipsi
371 363 467 417 colligant
475 362 571 416 stipulam
578 363 656 416 paleae.
680 357 738 406 Sicut

67 446 122 485 ntem
137 439 170 492 πὲρ
186 452 267 493 semper
282 441 313 478 est
329 436 410 490 stipula,
425 451 528 492 nunquam
542 436 608 490 palea,
624 450 683 492 quam
700 439 738 480 Ge-

54 517 121 558 semics
135 513 257 564 10111111,
272 513 311 563 25,
329 511 365 551 ubi
379 511 429 552 folio
445 511 543 565 dissipato
559 510 635 568 stipula
649 513 738 554 arefacta

54 590 107 630 bene
123 571 241 640 opponitur,
256 585 299 625 Jes.
312 585 362 635 XL,
378 585 412 635 24,
427 585 462 626 ubi
477 584 552 637 stipula
565 584 639 626 melius
653 586 736 627 turbine

54 661 145 701 aufertur
163 672 223 712 quam
241 658 309 711 palea,
331 658 373 698 Jes.
388 658 446 708 XLI,
462 659 490 697 24
504 657 548 715 ‘ubi
569 658 639 698 eadem
658 659 737 699 veloci-

54 733 100 774 tatis
119 732 176 773 notio
195 730 291 784 stipulam
309 731 351 787 les.
366 731 414 781 XL,
436 731 464 770 24
482 730 576 784 respicit,
598 731 738 785 accipiendam

55 820 101 849 esse
119 806 154 847 vix
172 818 210 846 suo
226 805 274 857 jure
293 804 397 856 docuerit,
416 804 469 845 sient
485 804 546 857 igitur
561 801 594 854 vap
610 818 691 857 semper
706 810 738 847 est

55 879 138 932 stipula,
158 879 185 919 ita
204 878 326 931 interpretes
346 878 461 919 existimant
478 874 531 928 mrip
549 878 571 918 in
585 877 638 918 locis
656 878 696 920 illis
712 880 737 919 de
768 887 770 889 '

68 952 177 993 olleotione
196 951 282 1002 difficili,
301 955 396 991 accurata
410 954 471 1004 atque
487 949 588 1003 diligenti,
608 950 642 989 vel
655 951 738 991 minima

61 1037 154 1079 puaeque,
171 1028 261 1065 ceterum
272 1024 366 1077 neglecta
381 1024 516 1077 investigante
531 1023 628 1086 usurpari
642 1024 737 1065 eandem-

69 1111 95 1139 ue
113 1101 185 1139 nostro
208 1110 291 1151 qnoque
310 1097 358 1139 loeo
375 1097 497 1147 convenire,
521 1109 583 1151 quum
603 1097 638 1150 qni
659 1101 735 1139 semet-

61 1185 121 1225 psum
139 1175 234 1212 accurate
256 1171 340 1225 colligat
357 1174 378 1212 et
400 1185 451 1225 quae
469 1170 536 1224 primo
559 1169 633 1211 obtutu
653 1171 735 1213 occulta
753 1222 756 1226 ι

54 1248 180 1295 remaneant,
201 1245 318 1296 investiget,
342 1245 453 1284 descendat
474 1244 495 1283 in
513 1243 645 1295 semetipsum
663 1243 740 1286 vitamss

55 1331 95 1371 que
114 1330 171 1358 suam
190 1316 269 1358 sincere
289 1317 395 1357 examinet.
430 1316 470 1356 Cui
490 1315 621 1368 explicationi
639 1318 696 1359 Hita.
717 1323 737 1359 et

53 1391 125 1431 Mam.
144 1389 254 1441 objiciunt,
277 1389 343 1431 solam
362 1388 394 1430 sui
413 1388 559 1429 scrutationem
579 1401 623 1429 non
641 1390 737 1432 sufficere

54 1464 80 1504 ad
94 1459 223 1505 avertendam
238 1476 326 1516 poenam
341 1461 438 1510 divinam,
454 1462 492 1502 sed
506 1474 556 1502 vera
568 1465 679 1512 scrutatio,
694 1478 737 1506 non

53 1535 121 1578 modo
132 1540 264 1589 peccatorum
282 1548 351 1576 ramos
370 1539 487 1588 amputans,
506 1535 543 1575 sed
558 1549 629 1577 omnes
644 1538 737 1580 radicum

53 1610 116 1650 fibras
131 1607 228 1661 evellens,
244 1608 319 1649 excitat
332 1607 478 1660 poenitentiam
494 1621 546 1661 quae
558 1623 599 1662 qno
608 1610 671 1651 modo
683 1611 737 1652 viam

53 1682 139 1732 muniat,
155 1695 195 1735 qua
210 1681 260 1722 deus
276 1673 406 1732 concilietur,
421 1681 496 1733 probat
511 1682 605 1723 domiuus
620 1687 692 1724 noster
704 1685 735 1725 di-

54 1768 112 1796 cens:
127 1751 267 1805 μετανοεῖτε,
283 1743 360 1807 dippum
375 1748 417 1807 γὰρ
432 1746 446 1808 ἡ
459 1748 566 1804 βασιλεία
577 1753 621 1794 τῶν
635 1748 736 1812 οὐρανῶν

53 1828 123 1869 arath.
132 1827 167 1878 III,
183 1828 196 1866 2
201 1858 206 1879 ,
222 1830 242 1867 et
256 1828 403 1880 prophetarum
418 1826 460 1867 loc-i
474 1827 576 1869 innumeri
590 1829 615 1869 ad
626 1832 735 1883 poeniten-

53 1902 101 1941 tiam
115 1903 259 1954 provocantes.
284 1900 326 1940 Sed
340 1900 395 1940 aliud
408 1903 549 1952 argumentum
565 1901 696 1954 explicationi
705 1904 735 1945 illi
769 1926 781 1935 υ

26 1988 31 2000 ⁴=
53 1978 159 2027 repugnat.
188 1973 283 2025 Legimus
299 1973 357 2013 enim'
366 1985 440 2013 vocem
453 1976 545 2014 nostram
559 1973 685 2028 NumXV,
700 1978 735 2020 32.

53 2048 87 2087 33.
103 2048 128 2086 de
143 2047 187 2086 viro
203 2041 239 2085 die
251 2046 329 2087 sabbati
342 2046 398 2099 ligna
407 2046 532 2099 colligente,
548 2061 614 2102 aeque
629 2044 653 2090 ae
667 2051 735 2105 IReg·

53 2119 216 2171 1111111111.
232 2119 257 2159 ae
271 2119 333 2160 11111
347 2133 395 2160 cum
408 2119 454 2160 nna
469 2119 609 2174 commane,
625 2123 666 2164 uuo
680 2110 736 2178 ng'na

53 2206 75 2233 se
90 2192 128 2233 sibi
148 2191 245 2244 colligere
260 2192 346 2233 dicente.
377 2195 435 2244 Quae
450 2194 544 2247 exempla
561 2194 579 2236 si
593 2208 736 2251 comparamus

52 2297 99 2324 oum
112 2281 174 2323 Arab.
190 2289 244 2342 Uita,
262 2297 315 2336 pura
329 2283 442 2337 colligendi
459 2283 545 2325 notione
559 2284 644 2338 usitato,
662 2288 735 2330 verisi-

52 2367 158 2408 millimum
177 2371 208 2409 est
224 2365 277 2419 cap
296 2381 340 2410 uon
357 2369 535 2414 denomInativum
548 2381 594 2410 esse
609 2384 621 2410 a
635 2367 680 2426 m'p,
699 2375 736 2415 sed

53 2439 85 2491 rap
101 2455 113 2480 a
127 2440 191 2483 v'erbo
207 2442 350 2493 derivandum,
364 2446 461 2496 tauquam
474 2442 502 2493 id,
517 2443 539 2483 in
553 2445 610 2501 quod
624 2445 736 2500 colligendi

53 2513 111 2554 notio
125 2515 237 2568 praecipue
252 2516 316 2557 cadat.
342 2516 440 2557 lllonetur
453 2516 516 2569 igitur
530 2516 628 2571 populus,
643 2522 666 2559 ut
676 2519 735 2560 colli-

53 2588 87 2639 gat
101 2587 243 2640 semetipsum,
259 2590 347 2631 animum
363 2590 441 2631 scilicet
455 2590 526 2631 mundi
540 2591 680 2644 voluptatibus
693 2588 742 2633 hue

53 2658 102 2699 illuc
117 2658 235 2701 distractum
249 2666 309 2716 atque
324 2676 398 2705 sensus
408 2663 513 2714 diductos3
529 2665 554 2705 ef.
564 2664 686 2713 vernaculae
695 2678 734 2705 no-

55 2736 109 2800 strae
123 2731 213 2786 linguae:
229 2737 336 2788 „sammelt
350 2738 422 2779 euch.“
450 2739 508 2779 Bene
523 2742 628 2793 comparat
641 2738 735 2781 adhunc
