1792 3089
274 120 317 157 Cdn.
329 121 356 164 11,
374 133 390 156 v.
403 119 430 157 13,
664 126 693 166 75

11 232 41 279 te,
57 227 119 278 Zion,
128 247 155 254 -
166 229 186 265 et
196 229 328 278 cognoscent,
339 238 371 266 me
379 238 424 266 esse
433 224 543 266 dominnm.
565 227 607 267 Jer.
618 226 663 278 Vll,
674 227 694 266 4.

12 301 50 343 Η19
65 313 138 342 sensns
153 302 184 340 est
193 298 304 340 verborum
314 299 412 352 gravitate
425 298 562 352 dignissimus
584 301 694 353 Propheta,

13 375 82 415 divino
95 374 149 414 letus
161 372 234 426 spiritu
246 376 306 427 etque
317 373 404 427 impetu,
417 371 540 425 snpplioirnn
550 385 637 413 cernens
650 387 695 414 om-

12 461 50 489 nes
68 448 163 500 regiones
185 446 238 487 coeli
256 450 391 499 vastaturum,
410 447 431 487 in
449 446 555 487 meridiem
570 458 593 486 se
608 459 696 487 eonver-

13 526 70 573 tens,
85 519 196 572 Aethiopes
212 520 353 563 enirrredrertit
367 524 388 560 et
401 523 503 574 provocet
517 520 576 573 quasi
591 521 617 560 ed
631 520 697 561 tribn-

14 594 49 636 nal
63 594 105 643 dei;
121 593 216 634 collocati
231 607 299 636 coram
314 594 388 645 iudice,
404 607 465 648 quem
479 606 522 634 non
538 599 579 645 est,
595 593 630 648 qni
646 594 696 634 91111-

15 668 65 721 giat,
81 666 201 708 sententiam
216 668 300 708 andiunt
314 682 326 708 a
339 667 406 709 iudice
417 666 532 720 justissimo
546 666 618 708 letam:
638 671 697 708 erunt

15 740 117 782 interlecti
131 740 204 792 gladio.

57 813 190 865 Vaticinirnn,
210 814 319 866 repetitum
333 814 408 855 Ezeeh.
420 813 492 864 XXX,
509 814 523 852 4
538 815 558 853 et
572 814 596 863 9,
614 812 651 854 ubi
665 813 699 854 rel

15 888 78 931 rerba
94 888 164 929 eadem
178 887 280 941 leguntur,
297 901 359 943 quum
374 886 537 928 Nebucadnezer
549 885 709 928 Chaldaeorum*

16 976 53 1004 rex
67 961 147 1016 Josapt.
167 961 290 1016 Antiqn.X,
307 962 333 1003 11
354 962 412 1003 etiem
426 960 539 1014 Aethiopes
558 960 651 1003 vinceret
682 966 699 1002 t-

18 1051 57 1091 que
72 1035 185 1088 subigeret,
205 1038 300 1076 eventum
313 1035 388 1076 hebuit.
410 1034 542 1089 Spiritnalem
552 1048 642 1087 sensum,
658 1050 699 1090 qno

20 1123 71 1163 quae
85 1123 105 1150 v.
116 1109 141 1148 11
157 1108 244 1149 indicata
264 1115 307 1150 eret
325 1110 388 1163 gratie
403 1109 435 1149 dei
451 1122 522 1150 omnes
537 1112 608 1161 gentes
620 1110 700 1163 emple-

19 1187 75 1224 otens
92 1181 216 1234 Aethiopum
235 1195 318 1236 quoque
336 1195 424 1235 poenam
444 1183 503 1236 sequi
522 1182 605 1234 dieitur,
626 1184 647 1223 in
666 1197 700 1224 ec-

20 1257 81 1298 elesia
101 1254 208 1296 christiane
227 1255 303 1296 sensim
321 1256 438 1310 sensimque
458 1256 584 1309 implendum
603 1249 707 1297 vaticinio

20 1330 108 1384 quodem
119 1327 169 1369 reali
177 1327 353 1369 demonstretAct.
363 1329 422 1380 Vlll,
434 1330 535 1371 27-38.
556 1331 581 1371 cl.
597 1328 711 1371 miteretur·

21 1403 176 1457 explicationem
191 1402 216 1442 ed
230 1402 272 1444 Jes.
284 1404 345 1454 XlX,
362 1401 396 1442 to.

296 1546 316 1574 v.
332 1534 431 1574 13-15.

63 1627 169 1666 Postremo
187 1623 245 1677 regio
265 1622 328 1674 coeli,
347 1624 368 1663 in
386 1636 446 1676 quam
461 1624 518 1665 Deus
533 1623 609 1664 vindex
626 1626 704 1679 magni-

22 1700 61 1746 fice
75 1699 176 1740 inrehitur
191 1711 277 1752 pompa,
297 1700 328 1738 est
342 1697 519 1750 septentrionalis,
538 1698 593 1739 unde
607 1699 704 1752 gravissi-

22 1787 66 1814 mae
85 1771 181 1813 israelitis
201 1771 349 1812 descenderent
364 1770 493 1812 calamitates.
522 1771 581 1813 Illinc
597 1772 650 1813 enim
665 1773 705 1814 im-

23 1846 127 1888 minebant
141 1845 238 1899 Assyrii,
251 1845 286 1899 qui
301 1846 393 1899 quamuis
407 1846 492 1899 proprie
510 1859 553 1887 non
571 1846 706 1888 habitaverint

24 1920 183 1974 septentrionem
198 1931 276 1970 versus,
291 1923 359 1960 temen
374 1933 437 1973 qumn
452 1920 473 1960 in
487 1923 563 1961 terreni
573 1921 706 1963 Israeliticem

24 1995 158 2048 irrumpentes
178 2007 202 2034 91
221 1994 361 2047 septentrione
382 2006 463 2047 semper
484 1995 636 2048 descenderint,
658 1998 705 2049 jure

24 2068 154 2109 nominentur
168 2068 343 2122 septentrionales.
365 2068 460 2122 Regnum
475 2082 547 2110 eorum
560 2071 665 2112 conditum
676 2076 707 2113 est

25 2142 76 2183 Gen,
86 2145 112 2194 X,
122 2143 147 2183 n
160 2141 285 2183 aNimrodo.
307 2139 426 2184 Affernntnr
436 2143 549 2185 eBileemo
557 2145 619 2187 Num.
628 2145 707 2197 XXIV,

24 2216 62 2267 223
83 2216 155 2258 deiude
173 2216 310 2270 potentissimi
324 2217 394 2258 Phulis
413 2218 467 2271 regis
481 2206 606 2260 memoretur
620 2220 706 2270 invasio,

26 2305 65 2344 quo
73 2291 227 2333 Menachemum
237 2291 365 2332 tributarium
377 2290 416 2332 sibi
429 2292 516 2345 subjecit
527 2292 546 2333 11
551 2294 602 2347 Reg.
610 2293 658 2344 XV,
673 2295 706 2334 19.
759 2283 761 2287 ’

26 2365 105 2418 Tigloth
115 2365 192 2407 l’ileser
207 2366 226 2406 11
236 2365 286 2419 Reg.
293 2366 355 2417 XVI,
371 2366 474 2407 5-911)
489 2366 558 2408 Aheso
574 2368 594 2408 in
609 2367 707 2409 auxilium

26 2444 121 2491 vocatus,
140 2432 219 2494 partem
237 2440 296 2495 regni
310 2439 417 2482 israelitici
437 2444 498 2495 etque
514 2442 594 2495 Syriaci
608 2443 629 2483 in
647 2446 707 2495 pote-

27 2516 98 2554 statem
116 2528 173 2555 snam
190 2515 274 2570 redegit.
305 2514 444 2557 Selmenesser
462 2516 481 2556 ll
494 2516 544 2570 Reg.
556 2517 617 2557 XVll
636 2516 707 2557 decem

26 2588 116 2628 tribninn
140 2588 218 2630 incolas
241 2593 297 2631 trans
319 2589 396 2644 Tigrim
414 2590 435 2629 in
460 2591 596 2643 captivitatem
617 2589 707 2631 abduxit.

28 2663 126 2704 Serrlrerib
141 2676 191 2706 rero
205 2677 271 2718 usqne
286 2665 311 2705 ad
320 2664 511 2718 Hierosolymorum
526 2668 596 2718 portas
611 2677 708 2718 progres-
