1792 3089
178 141 204 181 64
423 135 466 169 cm.
478 134 502 177 11,
514 146 529 169 v,
541 133 611 171 8-11.

179 240 282 282 Sodomae
289 242 350 294 atque
358 239 484 281 Gourorrliae
492 238 585 281 interitus
595 240 645 283 Gen.
654 237 706 293 XIX,
715 240 743 281 24
749 239 789 293 jam
797 239 858 279 Deut.

178 312 249 365 XXIX,
259 315 287 354 22
302 314 374 355 summi
383 313 478 367 supplicii
488 317 549 367 typus
559 315 690 357 constituitur
700 318 720 355 et
731 328 743 355 a
754 311 859 367 prophetis

180 389 239 429 enixe
248 388 354 429 adhibetur
362 387 387 440 of.
395 385 459 427 Amos
467 385 501 438 IX,
511 389 544 429 lt.
554 389 596 432 Jes.
605 389 621 442 I,
630 392 649 431 9.
655 387 709 440 XIII,
720 388 755 428 19.
777 386 815 427 Hic
824 399 859 427 au-

179 468 221 504 tem
229 462 353 516 comparatio
362 461 396 501 illa
404 461 501 514 imprimis
514 466 545 503 est
553 468 605 517 apta,
622 478 668 505 cnm
676 462 773 518 quoniam
780 459 860 501 Illoabi-

180 542 213 578 tae
227 541 288 591 atque
297 535 425 576 Amnmnitae
439 536 490 576 mari
505 541 587 579 mortuo
602 538 664 580 vicini
679 535 774 590 supplicii
781 538 860 589 specta-

182 611 250 651 culum
268 610 289 650 iu
310 613 423 663 conspectu
440 608 555 651 habuerunt
572 612 661 664 minans,
680 612 799 660 cohortans,
817 612 860 650 tum

183 684 279 738 quoniam
294 684 350 737 quod
361 683 462 735 judicium
474 688 539 737 pater,
555 687 590 739 qui
601 686 654 727 idem
665 685 771 729 amborum
780 683 860 737 genitor

184 771 245 800 causa
260 761 291 799 est
306 770 342 798 cru·
356 758 400 800 v,8
414 770 455 798 una
470 757 608 812 collocentur,
624 759 714 814 quamvis
730 758 803 810 exigua
817 757 861 796 frte-

183 833 209 873 rit
224 832 275 873 tides
291 832 341 883 eius,
356 836 423 872 tamen
438 844 463 871 ex
477 831 559 873 urbium
573 833 653 874 illarum
667 833 750 874 interitu
763 830 861 871 liberatus

184 907 259 960 effugit,
275 906 328 946 idem
339 906 382 956 jam
392 905 492 956 judicium
507 906 553 947 filiis
568 911 626 960 patre
640 920 683 948 non
693 907 756 947 modo
765 917 808 946 non
818 916 861 944 rne-

182 980 269 1020 lioribus
284 979 321 1020 sed
334 978 441 1032 pejoribus
455 979 555 1020 imminuit
563 981 687 1021 necessario.
698 1002 724 1008 -
739 978 785 1020 Erit
795 981 861 1019 autem

182 1052 318 1094 Moabitarum
332 1056 387 1092 terra
403 1048 466 1102 pto'pp
481 1052 564 1094 urticae.
588 1054 636 1094 Vox
650 1053 705 1104 haec,
722 1044 785 1098 ἅπαξ
798 1046 862 1103 λεγο-

182 1120 248 1180 μένη,
267 1129 348 1166 veteres
362 1125 435 1165 mirum
450 1124 471 1164 in
485 1125 569 1167 modum
584 1126 677 1177 offendit,
693 1124 767 1179 quibus
782 1124 863 1165 omissis

183 1198 359 1240 Rosenmttllernm
376 1201 455 1239 tantum
472 1198 584 1252 afferimus,
605 1201 701 1255 quicum
717 1198 786 1240 Gnate.
801 1199 863 1238 inter-

183 1277 276 1326 pretatur
291 1271 444 1313 derelictionem
458 1272 541 1326 urticae,
557 1275 615 1315 cuius
629 1278 697 1315 tamen
710 1265 864 1325 significationis

185 1346 278 1399 exempla
287 1359 330 1387 nou
340 1345 401 1386 addit.
423 1346 498 1387 illelius
507 1361 553 1388 cunr
563 1346 712 1389 recentioribus
723 1357 864 1398 comparamus

185 1421 254 1479 eim,
273 1424 353 1471 tenere,
368 1420 476 1472 possidere
492 1425 511 1461 et
526 1426 635 1474 cognatum
648 1419 696 1473 urum
711 1418 864 1473 possessionem

187 1506 211 1549 cl.
227 1504 279 1546 Gen.
293 1504 342 1556 XV,
358 1503 381 1555 2,
401 1507 421 1544 et
435 1516 518 1546 sensum
534 1507 621 1547 eundem
634 1507 677 1547 les.
691 1502 750 1555 XIV,
765 1504 792 1542 23
807 1499 863 1546 maan

185 1588 240 1630 stop.
253 1602 280 1610 —
296 1575 345 1621 tien
357 1577 417 1619 Prov.
427 1576 500 1630 XXIV,
516 1580 550 1620 31.
564 1577 681 1630 Joh.XXX,
696 1578 801 1618 turritae
815 1587 865 1629 pos-

186 1653 252 1694 sessio
266 1651 379 1705 respondet
392 1652 501 1693 vastationi
514 1652 612 1706 sulphure
620 1657 676 1694 ortae
692 1652 717 1692 cf.
725 1652 786 1692 Dent.
794 1648 864 1700 XXIX,

185 1731 208 1767 ut
226 1738 293 1780 neque
308 1726 374 1778 possit
393 1726 434 1767 seri
451 1739 519 1780 neque
533 1727 693 1781 progerminare.
709 1750 736 1758 -
761 1735 817 1766 :vasta
833 1736 865 1765 se-

186 1800 276 1840 cundum
284 1799 397 1852 analogiam
404 1799 489 1841 aliarum
498 1812 574 1841 vocum
585 1814 631 1842 cum
642 1812 656 1840 p
667 1798 759 1852 praefixo
768 1801 799 1838 est
805 1796 865 1837 locus

187 1872 309 1924 effossionis,
325 1872 401 1914 fodina.
416 1897 443 1905 -
459 1870 500 1916 aaa
516 1878 547 1915 est
560 1875 624 1915 altera
638 1885 692 1926 pars,
708 1873 815 1926 qnaDeut,
827 1870 840 1911 l.
849 1883 867 1911 c.

187 1948 270 1989 vastitas
289 1946 399 1998 iudicatur,
418 1960 481 2001 quum
499 1948 595 1989 universa
612 1947 648 1987 illa
665 1946 733 1999 regio,
754 1946 806 1986 sicut
820 1944 867 1985 Loti

187 2034 241 2062 uxor
260 2021 314 2061 dicto
334 2034 376 2062 non
396 2020 481 2062 audiens
495 2022 578 2075 probat,
597 2022 671 2063 obruta
685 2020 711 2062 sit
725 2021 804 2061 acervis
819 2018 867 2059 salis

188 2096 214 2136 cl.
229 2093 312 2136 Rotam.
331 2094 344 2135 l.
359 2108 376 2136 c.
391 2093 422 2147 ll,
436 2100 482 2149 pag.
498 2097 628 2148 ees-463,
648 2096 703 2137 unde
720 2093 768 2135 salis
788 2091 867 2146 sparsio

186 2170 233 2211 lud.
248 2168 288 2221 IX,
304 2169 331 2208 45
352 2169 404 2209 actio
424 2169 537 2221 symbolica
551 2171 654 2213 Sodomae
674 2169 802 2211 eversionem
819 2165 868 2206 loco

188 2243 299 2285 destinans
316 2243 340 2284 ct
355 2242 388 2283 Ps.
405 2240 469 2293 CVII,
485 2244 518 2284 34.
534 2269 561 2278 -
584 2246 635 2287 Post
649 2244 740 2298 singulas
755 2240 868 2282 eversionis

188 2323 256 2372 partes
280 2330 351 2358 omnes
373 2316 502 2370 amplectitur
524 2316 595 2360 uacui.
617 2342 645 2349 -
674 2315 725 2361 u'tvv
746 2316 868 2368 interpretes

145 2421 147 2424 v
188 2391 282 2446 plerique
302 2391 387 2443 longum
409 2394 489 2444 ternpus
515 2392 630 2446 siguificare
651 2393 734 2446 putant,
758 2389 869 2444 praecipue

167 2514 169 2516 v
189 2478 252 2521 quum
262 2464 362 2506 Ieremias
376 2464 457 2519 utrique
472 2466 550 2519 populo
567 2467 627 2508 deum
642 2466 668 2507 ad
682 2464 818 2519 captivitatem
826 2464 869 2505 eius

188 2541 302 2583 rediturum
323 2551 368 2579 esse
387 2539 497 2591 promittat.
532 2541 575 2581 Sed
593 2538 716 2593 Hengrtenb.
732 2538 829 2581 Cln'istol.
844 2536 870 2590 ll,

137 2655 139 2659 ,
188 2631 208 2669 p.
224 2613 347 2656 ate-434
362 2612 487 2655 demonstrat
500 2611 552 2660 paru
570 2628 651 2668 semper
664 2615 804 2656 aeternitatem
818 2626 870 2665 esse,

190 2703 241 2744 qnae
257 2689 341 2744 quidem
356 2686 441 2741 perinde
451 2685 475 2729 'ac
486 2689 506 2730 in
516 2689 638 2731 vernaculae
648 2693 731 2731 nostrae
740 2687 822 2741 linguae
831 2700 872 2729 usu
