1792 3089
165 145 193 189 56
412 140 602 185 emines-11.

170 262 218 304 pam
230 250 251 289 et
260 259 355 301 poenam,
369 247 464 289 iniuriam
478 252 498 289 et
510 248 626 299 uindictam,
642 247 700 302 quasi
714 258 779 301 aequa
792 245 851 287 lance
875 248 881 273 i·

169 323 282 379 pensitans.
302 345 329 354 —
363 333 405 363 nun
424 322 519 365 Itosenm,
539 322 636 376 explicat:
661 326 756 375 propter;
780 333 852 362 verum

172 403 192 440 et
210 382 267 452 quod
287 395 366 437 confert
381 394 452 437 Chald.
471 392 511 448 utu
528 400 548 438 et
562 408 605 440 uun
625 408 705 450 semper
723 394 798 437 retinet
811 394 853 437 rinr

172 470 315 522 substituendi,
331 469 358 510 ita
372 470 430 511 utin
444 470 515 510 locum
529 470 593 511 fastus
603 474 664 525 atque
673 469 782 523 superbiae
793 482 853 524 quam

172 546 212 588 sibi
229 548 352 596 arrogarent
371 543 455 585 exitium
473 543 524 596 ipsis
543 545 646 587 funestum
664 544 803 587 substituatur.
827 543 852 584 cl'.

173 621 216 661 Era
230 630 313 672 gramm.
328 619 374 670 maj.
390 631 436 671 pag.
452 617 499 659 ott.
516 641 543 650 -
561 628 621 663 natos
637 619 702 660 eidem
717 617 795 672 populo
810 617 853 658 les.

172 690 231 744 XVI,
248 693 261 731 6
276 690 356 732 crimini
370 685 449 744 datum,
464 704 507 732 nou
522 692 605 734 unicum
619 696 705 734 vocatur
720 704 792 733 eorum
805 704 855 745 pec-

173 769 240 809 catum
245 798 251 819 ,
271 765 308 807 sed
322 764 410 807 aliorum
428 765 497 819 orig05
520 766 617 819 superbia
631 767 685 807 euim
699 772 730 808 est
745 757 855 821 ἀρχὴτῆς

174 832 287 896 ἁμαρτίας
302 838 411 891 Si1·aclr.X,
422 840 457 892 15,
473 853 536 895 quum
550 841 651 894 superbus
667 840 733 895 quivis
746 840 807 881 adeo
819 839 855 880 de-

175 915 240 968 ficiat,
254 914 316 955 immo
332 913 365 954 dei
379 926 402 955 se
416 914 496 955 hostem
510 915 556 967 ipso
572 928 636 968 opere
650 915 780 968 profiteatur,
796 917 816 954 et
826 913 835 952 f
846 938 855 944 -

175 989 214 1029 cile
228 987 250 1028 in
269 987 353 1041 qnaeris
372 987 411 1028 alia
424 992 509 1041 peccata
527 992 584 1037 ruat3
603 988 697 1028 conferas
712 987 768 1028 Evae
786 999 854 1027 exem-

174 1062 237 1115 plum,
253 1073 314 1115 quam
324 1060 426 1112 superbia,
442 1074 482 1115 qua
489 1062 536 1102 Deo
546 1061 637 1116 aequalis
646 1074 692 1103 esse
700 1060 784 1113 studuit,
799 1073 855 1101 com-

174 1135 248 1187 movit,
265 1137 288 1175 ut
303 1132 401 1175 deficeret
414 1146 426 1174 a
441 1134 480 1175 deo
496 1140 556 1189 atque
571 1135 680 1179 laberetur,
710 1135 762 1175 Gen.
777 1131 816 1185 Ill,
835 1134 855 1174 4,

176 1208 201 1249 cl.
217 1206 277 1248 etiarn
290 1206 386 1260 Gregorii
393 1206 473 1261 Magna
484 1208 557 1249 llloral.
565 1207 657 1261 XXXIV,
672 1208 700 1250 18
714 1209 736 1249 iu
750 1205 856 1259 JothLl,

175 1283 214 1323 25:
235 1281 289 1334 „alia
302 1280 351 1323 vitia
366 1294 400 1323 eas
416 1281 484 1323 solum
498 1283 584 1324 virtutes
599 1283 709 1337 impetunt,
725 1282 799 1336 quibus
813 1282 858 1334 ipsa

177 1356 321 1407 destruuntur,
340 1359 364 1397 ut
377 1357 408 1396 ira
421 1355 548 1409 patientiam,
567 1355 631 1398 libido
647 1355 802 1408 continentiam,
821 1368 857 1396 su-

176 1429 249 1483 perbia
262 1433 330 1470 autem
344 1441 473 1483 nequaquam
486 1430 547 1472 unius
562 1430 642 1472 virtutis
657 1429 792 1472 exstinctione
807 1441 857 1470 con-

176 1506 239 1552 tenta,
255 1506 328 1544 contra
342 1507 415 1544 cuncta
429 1503 508 1544 animae
521 1504 585 1545 uerba
600 1516 622 1545 se
637 1503 702 1557 erigit,
717 1517 741 1545 ac
752 1502 811 1558 quasi
821 1515 856 1556 ge-

176 1576 252 1618 neralis
267 1589 291 1617 ac
305 1576 390 1630 pestifer
403 1577 488 1619 niunbus
504 1582 620 1619 eamtotam
634 1578 753 1631 corrumpit,
768 1576 857 1630 utquid-

177 1651 227 1705 quid
241 1649 276 1691 illa
289 1651 398 1692 irrvadente
413 1651 486 1705 agitur,
502 1651 580 1692 etiamsi
593 1651 658 1694 virtus
674 1664 720 1693 esse
731 1652 856 1702 ostendatur,

177 1737 220 1766 nou
235 1737 272 1778 per
286 1724 326 1765 hoc
341 1725 388 1779 deo,
403 1724 440 1765 sed
454 1725 495 1766 soli
507 1738 572 1768 vanae
584 1726 662 1778 gloriae
674 1725 795 1768 serviatur.“
817 1724 857 1765 Su·
883 1730 885 1733 ’

177 1798 249 1852 perbia
263 1798 310 1839 fons
320 1798 364 1850 tuit,
379 1799 435 1839 uude
443 1804 527 1853 peccata
541 1800 583 1841 v.8
597 1800 700 1841 nominata
708 1799 858 1853 profluxerunt,

177 1872 242 1915 verbo
257 1876 318 1927 atque
333 1885 397 1926 opere
411 1878 535 1927 perpetrata,
551 1874 687 1915 contumeliae
699 1878 759 1927 atque
768 1872 859 1914 invasio-

177 1960 224 1997 nes;
246 1950 368 2001 repetuntur·
383 1948 467 1988 eaedem
481 1961 507 1988 ex
520 1948 578 1988 fonte
593 1961 631 1989 suo
647 1947 759 1999 derivatae,
778 1947 859 1999 adjecto

179 2035 211 2073 eo,
226 2021 283 2076 qrrod
298 2021 387 2072 criminis
402 2022 483 2075 culpam
498 2022 594 2075 cumulat,
608 2023 671 2063 tactas
680 2021 759 2064 seilicet
769 2034 803 2063 eas
813 2033 859 2062 esse

179 2099 251 2138 contra
265 2094 365 2149 populum
378 2095 470 2138 Jehouae
485 2097 621 2149 exercituum,
638 2097 696 2137 culus
711 2096 805 2148 majestas
820 2108 859 2148 po-

177 2170 228 2224 pulo
251 2169 327 2222 injuste
349 2183 451 2223 oppresso
470 2170 527 2211 laesa
549 2171 716 2224 omnipotentiam
735 2183 802 2221 suam,
826 2169 861 2210 cui

179 2257 251 2286 omnes
266 2243 393 2285 exercituum
407 2248 519 2298 potestates
535 2244 647 2297 obnoxiae,
663 2250 683 2286 et
697 2244 782 2298 gratiani
796 2256 860 2294 suam,

180 2331 220 2371 qua
233 2317 331 2359 Israelitis
345 2317 445 2360 Jehovam
462 2331 485 2360 se
499 2318 593 2372 praebet,
614 2318 730 2359 luculenter
746 2317 861 2358 nrarlilestet

178 2403 265 2433 necesse
279 2395 315 2433 est.

221 2478 241 2506 v.
257 2466 291 2505 11.
318 2464 423 2506 Tortttta
442 2470 472 2506 est
485 2465 560 2523 Jetoao
577 2478 637 2519 tropaea·
655 2466 691 2517 als,
710 2479 759 2508 orooro
774 2465 877 2514 eoroctcr,

177 2553 245 2582 ornnes
259 2538 305 2580 [teos
319 2544 397 2588 terram·
411 2545 432 2581 et
441 2544 572 2594 prr-ostermaro·
583 2554 603 2581 se
615 2542 640 2591 ei,
655 2542 802 2595 esctoqto'sque
812 2540 862 2590 loco,

177 2628 244 2656 omnm
263 2627 310 2655 orae
326 2615 427 2667 gerardum.
456 2615 545 2667 Jehova,
565 2627 628 2669 quum
642 2616 668 2656 ad
681 2619 762 2669 tempus
781 2614 863 2656 tulisset

177 2689 266 2732 hostiurn
285 2687 410 2743 proterviam
430 2692 491 2744 atque
513 2689 584 2744 sperni
604 2689 629 2730 at>
648 2690 673 2731 iis
693 2693 778 2743 coeptus
801 2693 861 2740 esset,
