1792 3089
381 121 424 156 Cre.
436 121 472 162 III,
483 126 504 155 ·‘v.
515 118 544 155 18.
760 121 801 161 127

116 226 201 280 lugens,
217 225 404 280 quumvcommmris
415 226 442 266 sit
450 225 545 266 omnibus
552 222 629 264 laetitia
638 235 725 271 summa5
741 235 802 276 quam

123 299 243 341 senteutiam
250 299 395 352 prophetarum
405 298 505 340 vaticiniis
513 298 561 339 satis
569 296 742 338 accommodatam
752 308 802 337 con-

122 373 176 414 feras
190 372 249 412 verbi
263 385 325 412 causa
338 372 380 411 Jes.
391 372 434 422 LX,
450 372 487 411 20:
503 385 550 411 uam
564 371 643 410 Jelrova
658 370 696 409 erit
710 369 747 409 tibi
760 370 803 410 luci

122 451 217 486 aeternae
231 449 251 485 01
265 444 317 484 finiti
332 448 391 485 0111111
406 446 449 485 dies
459 445 527 485 luctus
538 444 577 492 tui,
592 447 653 496 atque
663 444 705 484 des.
714 445 767 495 LXl,
778 445 801 483 2:

123 519 166 559 dies
180 518 264 559 ultionis
280 517 318 557 deo
334 521 406 558 nostro
422 517 447 557 ad
462 516 602 558 consolandos
615 515 709 568 lugentes
725 530 802 557 ornnes¹

123 592 224 633 Collectio
239 591 301 644 igitur
315 590 400 639 membri
414 590 490 643 prioris
504 603 547 631 nou
561 590 657 644 reliquias
671 590 802 643 ipsae-tangit

123 665 217 705 sedeam
233 663 348 704 facultatem
364 676 442 714 earum,
458 677 510 716 quae
526 667 557 704 est
571 662 679 704 nominata,

165 736 284 775 Trausinrus
299 736 338 774 iam
355 736 381 774 ad
395 736 480 775 alterum
494 736 643 776 hemistichium
661 748 704 776 non
718 734 803 775 minori-

123 808 163 849 bus
178 808 306 849 obstructum
321 807 513 848 1111110111111111110-ν
532 813 595 848 naua
610 806 717 859 multiplici
724 807 803 847 ratione

125 881 248 934 explicatum
268 885 307 932 cst,
327 881 364 922 sed
385 881 491 921 omittendi
510 885 558 922 suut
576 881 599 931 ii,
620 881 655 933 qui
673 879 707 920 vel
725 884 803 920 textum

123 954 158 994 vel
174 959 271 995 accentus
288 959 402 1006 mutarunt,
422 955 474 995 sicut
489 967 551 1007 supra
566 953 722 1011 memoravimus
737 955 802 1004 LXX,

125 1032 145 1067 et
159 1028 335 1081 sicntHerratglur
346 1032 403 1081 putat
411 1028 520 1080 legendurrr
532 1040 578 1067 esse
592 1030 664 1087 11111011,
680 1027 803 1068 infinitivum

124 1113 170 1139 cum
184 1108 205 1150 tn
220 1101 344 1152 negationis:
363 1107 386 1141 ut
400 1114 442 1141 uon
456 1101 573 1152 proferatur
587 1112 650 1150 super
665 1113 709 1139 eam
724 1113 802 1153 oppro-
838 1137 839 1140 ,

124 1172 196 1213 brium.
224 1173 272 1225 Ipsa
290 1178 356 1214 autem
373 1173 436 1213 verba
453 1178 524 1213 nostra
537 1172 640 1212 Antoniae
656 1172 684 1212 ita
701 1172 802 1225 interpre-

124 1250 184 1295 tatur,
199 1250 221 1285 ut
236 1260 261 1286 ex
275 1246 457 1299 significationibus
472 1247 529 1287 vocis
542 1249 612 1295 neca,
628 1258 680 1298 quae
694 1249 725 1285 est
734 1245 802 1295 elatio,

125 1318 205 1371 signum
219 1319 276 1371 quod
287 1319 376 1371 erigitur,
393 1320 475 1369 donum,
491 1320 515 1359 cf.
526 1320 568 1357 Ero.
578 1332 660 1370 gramm.
669 1319 716 1358 min.
724 1333 744 1371 p.
753 1320 802 1369 207,

125 1391 186 1443 eligat
200 1391 280 1443 signum
292 1392 327 1431 vel
339 1392 443 1442 vexillum,
459 1392 516 1444 quod
529 1391 604 1443 legitur
611 1391 654 1431 Jer.
663 1392 702 1440 Vl,
717 1391 728 1428 l
743 1396 804 1444 atque

125 1467 200 1503 vertat:
219 1463 350 1515 ignominiam
364 1477 488 1517 quocunque
502 1463 583 1503 incolae
598 1476 620 1504 se
634 1467 725 1513 vertant,
740 1464 804 1505 instar

125 1536 196 1577 vexilli
212 1537 346 1588 praecedere;
368 1550 440 1578 verum
457 1538 507 1578 haec
525 1536 647 1589 significatio
665 1531 719 1576 haud
737 1538 804 1578 miuus

125 1622 186 1662 quam
199 1609 289 1649 muneris
303 1610 428 1651 aLadom'ro
443 1610 467 1650 dc
482 1611 536 1650 Dian
550 1609 664 1649 secundum
679 1609 721 1649 Jer.
731 1611 774 1660 XL,
790 1611 803 1649 5

125 1681 223 1721 intellecti
237 1682 284 1721 iude
300 1683 375 1732 oritur,
395 1684 450 1736 quod
468 1682 589 1723 universalis
607 1682 730 1734 portationis
744 1682 803 1723 notio

126 1767 151 1794 ex
170 1767 225 1794 nexu
243 1755 330 1809 quodam
348 1757 493 1796 sententiarum
512 1760 587 1796 certam
601 1755 688 1807 accipiat
702 1755 805 1796 definitio·
866 1752 880 1806 y*

125 1840 173 1867 nem
190 1831 251 1881 atque
269 1828 430 1880 explicationem.
463 1829 504 1868 Sed
523 1829 579 1881 quod
598 1828 688 1868 additura
707 1832 738 1867 est
753 1825 805 1870 aba

125 1904 197 1940 nost-ro
215 1900 263 1941 loco
283 1901 421 1941 definitionem
435 1901 493 1941 affert
506 1901 571 1941 aliam.
604 1901 687 1953 Legitur
702 1902 755 1940 euim
770 1901 804 1941 Ps.

125 1974 176 2024 XV,
191 1973 205 2012 3
220 1987 282 2015 sensu
289 1974 366 2015 activo:
382 1979 402 2015 01
411 1974 511 2027 probrum
522 1987 566 2014 uon
577 1975 638 2014 infert
648 1973 744 2025 proximo
758 1987 804 2024 suo,

125 2050 186 2099 atque
204 2059 267 2087 sensu
285 2048 367 2099 passivo
385 2048 445 2087 lliclr.
460 2049 497 2099 Vl,
517 2047 554 2096 163
576 2052 596 2088 et
613 2047 713 2100 probrum
731 2047 805 2100 populi

91 2145 93 2148 -
125 2119 166 2159 mei
187 2120 283 2172 portetis,
305 2121 360 2161 unde
380 2120 494 2173 colligimus
515 2121 614 2174 probrum
636 2120 722 2173 cogitari
743 2133 804 2171 onus,

126 2193 183 2246 quod
198 2192 297 2233 calumnia
311 2193 394 2233 affectos
410 2197 492 2245 oportet
505 2199 599 2246 portare,
614 2194 647 2234 vel
661 2194 732 2244 active,
749 2193 806 2247 quod

128 2266 223 2306 0010111111
238 2267 308 2315 docet,
323 2269 346 2306 ut
360 2266 386 2305 sit
399 2266 486 2318 ingestio
502 2267 637 2308 contumeliae
652 2266 706 2307 dicta
719 2262 759 2319 pro
774 2270 806 2306 ta-

124 2338 185 2389 libus,
200 2338 222 2377 in
236 2352 288 2392 quos
304 2338 447 2379 coutumeliam
461 2339 561 2392 ingerant,
575 2340 609 2381 vel
625 2353 649 2379 ex
661 2339 747 2381 Coellm'a'
757 2353 804 2380 serr-

125 2413 187 2453 tentia
201 2413 288 2465 passive,
302 2412 425 2464 portandam
438 2425 483 2452 esse
498 2413 577 2466 populo
592 2413 728 2467 ignominiam,
743 2425 805 2466 quam

126 2499 172 2525 cum
183 2487 276 2541 Hbaigzb
286 2486 441 2538 praeferendam
453 2499 498 2527 esse
512 2487 649 2528 existimamus
661 2484 746 2526 similem
757 2485 806 2525 voci

69 2610 70 2614 Ἰ
126 2560 171 2597 nino
186 2557 334 2610 significatione
349 2559 417 2600 oneris
432 2559 522 2601 usitatae.
539 2584 565 2592 -
586 2556 636 2601 nim
649 2559 754 2610 Httm'ga'oa
771 2571 805 2598 re-

125 2629 231 2672 fer-endum
245 2635 303 2686 putat
316 2633 343 2673 ad
357 2633 463 2675 notionem
477 2631 535 2686 abra,
556 2633 650 2676 exsulum
662 2630 752 2684 turbam,
772 2631 806 2672 cui
