<?xml version="1.0" encoding="UTF-8"?>
<!DOCTYPE html PUBLIC "-//W3C//DTD XHTML 1.0 Transitional//EN"
    "http://www.w3.org/TR/xhtml1/DTD/xhtml1-transitional.dtd">
<html xmlns="http://www.w3.org/1999/xhtml" xml:lang="en" lang="en">
 <head>
  <title>
</title>
<meta http-equiv="Content-Type" content="text/html;charset=utf-8" />
  <meta name='ocr-system' content='tesseract 3.04.00' />
  <meta name='ocr-capabilities' content='ocr_page ocr_carea ocr_par ocr_line ocrx_word'/>
</head>
<body>
  <div class='ocr_page' id='page_1' title='image "MN41908ucmf_1_0073.png"; bbox 0 0 1792 3089; ppageno 0'>
   <div class='ocr_carea' id='block_1_1' title="bbox 358 161 768 227">
    <p class='ocr_par' dir='ltr' id='par_1_1' title="bbox 358 161 768 227">
     <span class='ocr_line' id='line_1_1' title="bbox 358 161 768 227; baseline 0.007 -12"><span class='ocrx_word' id='word_1_1' title='bbox 358 180 400 215; x_wconf 66' lang='lat' dir='ltr'>cap.</span> <span class='ocrx_word' id='word_1_2' title='bbox 411 180 429 224; x_wconf 88' lang='lat'>1,</span> <span class='ocrx_word' id='word_1_3' title='bbox 440 194 456 216; x_wconf 62' lang='lat' dir='ltr'>a</span> <span class='ocrx_word' id='word_1_4' title='bbox 469 180 496 218; x_wconf 87' lang='lat'>10.</span> <span class='ocrx_word' id='word_1_5' title='bbox 740 161 768 227; x_wconf 66' lang='lat'>19&#39;</span> 
     </span>
    </p>
   </div>
   <div class='ocr_carea' id='block_1_2' title="bbox 32 286 831 2711">
    <p class='ocr_par' dir='ltr' id='par_1_2' title="bbox 32 286 831 2711">
     <span class='ocr_line' id='line_1_2' title="bbox 85 286 765 343; baseline 0 -14"><span class='ocrx_word' id='word_1_6' title='bbox 85 290 134 343; x_wconf 69' lang='lat' dir='ltr'>ul</span> <span class='ocrx_word' id='word_1_7' title='bbox 153 287 296 331; x_wconf 77' lang='lat' dir='ltr'>obmutescere</span> <span class='ocrx_word' id='word_1_8' title='bbox 314 296 361 326; x_wconf 89' lang='lat' dir='ltr'>eum</span> <span class='ocrx_word' id='word_1_9' title='bbox 375 286 432 339; x_wconf 87' lang='lat' dir='ltr'>fecit,</span> <span class='ocrx_word' id='word_1_10' title='bbox 451 287 503 328; x_wconf 82' lang='lat' dir='ltr'>adeo</span> <span class='ocrx_word' id='word_1_11' title='bbox 521 286 686 341; x_wconf 86' lang='lat' dir='ltr'>appropinquare</span> <span class='ocrx_word' id='word_1_12' title='bbox 703 287 765 340; x_wconf 88' lang='lat' dir='ltr'>videt,</span> 
     </span>
     <span class='ocr_line' id='line_1_3' title="bbox 85 359 765 417; baseline -0.001 -13"><span class='ocrx_word' id='word_1_13' title='bbox 85 367 108 405; x_wconf 90' lang='lat' dir='ltr'>nt</span> <span class='ocrx_word' id='word_1_14' title='bbox 121 363 241 417; x_wconf 82' lang='lat' dir='ltr'>priusquam</span> <span class='ocrx_word' id='word_1_15' title='bbox 253 362 379 401; x_wconf 79' lang='lat' dir='ltr'>mercatores</span> <span class='ocrx_word' id='word_1_16' title='bbox 395 359 466 402; x_wconf 82' lang='lat' dir='ltr'>divites</span> <span class='ocrx_word' id='word_1_17' title='bbox 480 361 581 413; x_wconf 87' lang='lat' dir='ltr'>nominet,</span> <span class='ocrx_word' id='word_1_18' title='bbox 596 362 686 403; x_wconf 89' lang='lat' dir='ltr'>hostium</span> <span class='ocrx_word' id='word_1_19' title='bbox 700 363 765 416; x_wconf 89' lang='lat' dir='ltr'>impe-</span> 
     </span>
     <span class='ocr_line' id='line_1_4' title="bbox 84 434 766 492; baseline -0.004 -12"><span class='ocrx_word' id='word_1_20' title='bbox 84 443 127 480; x_wconf 90' lang='lat' dir='ltr'>tum</span> <span class='ocrx_word' id='word_1_21' title='bbox 140 437 309 492; x_wconf 80' lang='lat' dir='ltr'>prorumpentem</span> <span class='ocrx_word' id='word_1_22' title='bbox 323 434 425 489; x_wconf 78' lang='lat' dir='ltr'>depingat.</span> <span class='ocrx_word' id='word_1_23' title='bbox 439 457 467 465; x_wconf 83' lang='lat'><em>-</em></span> <span class='ocrx_word' id='word_1_24' title='bbox 485 434 574 477; x_wconf 85' lang='lat' dir='ltr'>Auditur</span> <span class='ocrx_word' id='word_1_25' title='bbox 587 447 630 478; x_wconf 81' lang='lat' dir='ltr'>vox</span> <span class='ocrx_word' id='word_1_26' title='bbox 644 435 739 478; x_wconf 90' lang='lat' dir='ltr'>clamoris</span> <span class='ocrx_word' id='word_1_27' title='bbox 754 450 766 477; x_wconf 92' lang='lat' dir='ltr'>a</span> 
     </span>
     <span class='ocr_line' id='line_1_5' title="bbox 84 507 767 566; baseline -0.001 -13"><span class='ocrx_word' id='word_1_28' title='bbox 84 515 145 566; x_wconf 89' lang='lat' dir='ltr'>porta</span> <span class='ocrx_word' id='word_1_29' title='bbox 162 519 233 552; x_wconf 53' lang='lat' dir='ltr'>nisan.</span> <span class='ocrx_word' id='word_1_30' title='bbox 263 507 351 551; x_wconf 85' lang='lat' dir='ltr'>Constat</span> <span class='ocrx_word' id='word_1_31' title='bbox 367 522 411 551; x_wconf 91' lang='lat' dir='ltr'>non</span> <span class='ocrx_word' id='word_1_32' title='bbox 427 509 468 551; x_wconf 90' lang='lat' dir='ltr'>uisi</span> <span class='ocrx_word' id='word_1_33' title='bbox 483 509 508 551; x_wconf 88' lang='lat' dir='ltr'>de</span> <span class='ocrx_word' id='word_1_34' title='bbox 522 509 672 564; x_wconf 80' lang='lat' dir='ltr'>Hierosolymis</span> <span class='ocrx_word' id='word_1_35' title='bbox 686 523 767 553; x_wconf 74' lang='lat' dir='ltr'>sermo-</span> 
     </span>
     <span class='ocr_line' id='line_1_6' title="bbox 84 584 766 639; baseline -0.003 -11"><span class='ocrx_word' id='word_1_36' title='bbox 84 600 132 628; x_wconf 85' lang='lat' dir='ltr'>nem</span> <span class='ocrx_word' id='word_1_37' title='bbox 150 598 206 637; x_wconf 87' lang='lat' dir='ltr'>esse,</span> <span class='ocrx_word' id='word_1_38' title='bbox 226 597 289 638; x_wconf 89' lang='lat' dir='ltr'>quare</span> <span class='ocrx_word' id='word_1_39' title='bbox 308 584 418 626; x_wconf 86' lang='lat' dir='ltr'>omittimus</span> <span class='ocrx_word' id='word_1_40' title='bbox 434 597 470 626; x_wconf 89' lang='lat' dir='ltr'>eos</span> <span class='ocrx_word' id='word_1_41' title='bbox 485 584 521 638; x_wconf 85' lang='lat' dir='ltr'>qui</span> <span class='ocrx_word' id='word_1_42' title='bbox 534 587 615 638; x_wconf 89' lang='lat' dir='ltr'>portam</span> <span class='ocrx_word' id='word_1_43' title='bbox 628 585 716 639; x_wconf 82' lang='lat' dir='ltr'>piscium</span> <span class='ocrx_word' id='word_1_44' title='bbox 730 587 766 626; x_wconf 85' lang='lat' dir='ltr'>lra-</span> 
     </span>
     <span class='ocr_line' id='line_1_7' title="bbox 84 658 766 713; baseline 0 -11"><span class='ocrx_word' id='word_1_45' title='bbox 84 661 133 702; x_wconf 82' lang='lat' dir='ltr'>bent</span> <span class='ocrx_word' id='word_1_46' title='bbox 147 658 262 711; x_wconf 86' lang='lat' dir='ltr'>Acconem,</span> <span class='ocrx_word' id='word_1_47' title='bbox 278 658 388 700; x_wconf 87' lang='lat' dir='ltr'>secundam</span> <span class='ocrx_word' id='word_1_48' title='bbox 402 659 456 710; x_wconf 82' lang='lat' dir='ltr'>an,</span> <span class='ocrx_word' id='word_1_49' title='bbox 475 658 539 699; x_wconf 88' lang='lat' dir='ltr'>colles</span> <span class='ocrx_word' id='word_1_50' title='bbox 555 659 675 713; x_wconf 81' lang='lat' dir='ltr'>Seplrorim,</span> <span class='ocrx_word' id='word_1_51' title='bbox 690 661 766 702; x_wconf 83' lang='lat' dir='ltr'>cavita-</span> 
     </span>
     <span class='ocr_line' id='line_1_8' title="bbox 83 732 765 786; baseline 0 -10"><span class='ocrx_word' id='word_1_52' title='bbox 83 740 125 776; x_wconf 85' lang='lat' dir='ltr'>tem</span> <span class='ocrx_word' id='word_1_53' title='bbox 133 733 268 774; x_wconf 84' lang='lat' dir='ltr'>Tiberiadem.</span> <span class='ocrx_word' id='word_1_54' title='bbox 290 734 375 774; x_wconf 79' lang='lat' dir='ltr'>Portam</span> <span class='ocrx_word' id='word_1_55' title='bbox 388 736 481 774; x_wconf 85' lang='lat' dir='ltr'>nostram</span> <span class='ocrx_word' id='word_1_56' title='bbox 492 733 552 773; x_wconf 89' lang='lat' dir='ltr'>ctiam</span> <span class='ocrx_word' id='word_1_57' title='bbox 559 732 645 786; x_wconf 80' lang='lat' dir='ltr'>legimus</span> <span class='ocrx_word' id='word_1_58' title='bbox 659 735 679 776; x_wconf 93' lang='lat' dir='ltr'>Il</span> <span class='ocrx_word' id='word_1_59' title='bbox 687 733 765 777; x_wconf 79' lang='lat' dir='ltr'>Clrron.</span> 
     </span>
     <span class='ocr_line' id='line_1_9' title="bbox 83 805 765 861; baseline 0 -11"><span class='ocrx_word' id='word_1_60' title='bbox 83 806 180 861; x_wconf 83' lang='lat' dir='ltr'>XXXIII,</span> <span class='ocrx_word' id='word_1_61' title='bbox 195 807 229 850; x_wconf 82' lang='grc'>14.</span> <span class='ocrx_word' id='word_1_62' title='bbox 251 807 335 850; x_wconf 89' lang='lat' dir='ltr'>Nehcm.</span> <span class='ocrx_word' id='word_1_63' title='bbox 351 805 391 858; x_wconf 91' lang='lat' dir='ltr'>Ill,</span> <span class='ocrx_word' id='word_1_64' title='bbox 407 807 426 848; x_wconf 87' lang='lat'>3.</span> <span class='ocrx_word' id='word_1_65' title='bbox 440 805 489 859; x_wconf 90' lang='lat' dir='ltr'>XII,</span> <span class='ocrx_word' id='word_1_66' title='bbox 509 808 543 850; x_wconf 83' lang='lat'>39.</span> <span class='ocrx_word' id='word_1_67' title='bbox 564 810 584 847; x_wconf 92' lang='lat' dir='ltr'>et</span> <span class='ocrx_word' id='word_1_68' title='bbox 600 808 685 852; x_wconf 68' lang='lat' dir='ltr'>maroa.</span> <span class='ocrx_word' id='word_1_69' title='bbox 700 809 765 850; x_wconf 82' lang='lat' dir='ltr'>addit:</span> 
     </span>
     <span class='ocr_line' id='line_1_10' title="bbox 84 880 767 937; baseline 0 -13"><span class='ocrx_word' id='word_1_70' title='bbox 84 887 179 937; x_wconf 87' lang='lat' dir='ltr'>„portam</span> <span class='ocrx_word' id='word_1_71' title='bbox 193 881 280 936; x_wconf 81' lang='lat' dir='ltr'>piscium</span> <span class='ocrx_word' id='word_1_72' title='bbox 295 894 340 922; x_wconf 89' lang='lat' dir='ltr'>eam</span> <span class='ocrx_word' id='word_1_73' title='bbox 353 880 460 933; x_wconf 84' lang='lat' dir='ltr'>vocabant,</span> <span class='ocrx_word' id='word_1_74' title='bbox 477 893 529 935; x_wconf 87' lang='lat' dir='ltr'>qnae</span> <span class='ocrx_word' id='word_1_75' title='bbox 543 881 662 935; x_wconf 89' lang='lat' dir='ltr'>Diospolim</span> <span class='ocrx_word' id='word_1_76' title='bbox 676 883 732 924; x_wconf 86' lang='lat' dir='ltr'>ducit</span> <span class='ocrx_word' id='word_1_77' title='bbox 747 887 767 923; x_wconf 89' lang='lat' dir='ltr'>et</span> 
     </span>
     <span class='ocr_line' id='line_1_11' title="bbox 84 955 767 1012; baseline -0.001 -13"><span class='ocrx_word' id='word_1_78' title='bbox 84 958 167 1012; x_wconf 83' lang='lat' dir='ltr'>Joppen</span> <span class='ocrx_word' id='word_1_79' title='bbox 182 960 202 998; x_wconf 88' lang='lat' dir='ltr'>et</span> <span class='ocrx_word' id='word_1_80' title='bbox 215 955 303 998; x_wconf 78' lang='lat' dir='ltr'>vicinior</span> <span class='ocrx_word' id='word_1_81' title='bbox 316 955 368 996; x_wconf 89' lang='lat' dir='ltr'>mari</span> <span class='ocrx_word' id='word_1_82' title='bbox 386 959 430 996; x_wconf 89' lang='lat' dir='ltr'>erat</span> <span class='ocrx_word' id='word_1_83' title='bbox 443 955 497 995; x_wconf 87' lang='lat' dir='ltr'>inter</span> <span class='ocrx_word' id='word_1_84' title='bbox 511 959 595 997; x_wconf 86' lang='lat' dir='ltr'>cunctas</span> <span class='ocrx_word' id='word_1_85' title='bbox 609 956 653 998; x_wconf 81' lang='lat' dir='ltr'>vias</span> <span class='ocrx_word' id='word_1_86' title='bbox 667 956 767 998; x_wconf 87' lang='lat' dir='ltr'>Hicroso-</span> 
     </span>
     <span class='ocr_line' id='line_1_12' title="bbox 83 1029 767 1085; baseline -0.003 -12"><span class='ocrx_word' id='word_1_87' title='bbox 83 1030 207 1085; x_wconf 82' lang='lat' dir='ltr'>lymorum.“</span> <span class='ocrx_word' id='word_1_88' title='bbox 241 1029 281 1071; x_wconf 84' lang='lat' dir='ltr'>Cui</span> <span class='ocrx_word' id='word_1_89' title='bbox 301 1029 423 1081; x_wconf 87' lang='lat' dir='ltr'>sententiae,</span> <span class='ocrx_word' id='word_1_90' title='bbox 439 1033 526 1083; x_wconf 85' lang='lat' dir='ltr'>portam</span> <span class='ocrx_word' id='word_1_91' title='bbox 546 1030 568 1071; x_wconf 90' lang='lat' dir='ltr'>in</span> <span class='ocrx_word' id='word_1_92' title='bbox 587 1031 715 1073; x_wconf 82' lang='lat' dir='ltr'>occidentem</span> <span class='ocrx_word' id='word_1_93' title='bbox 732 1031 767 1073; x_wconf 81' lang='lat' dir='ltr'>vel</span> 
     </span>
     <span class='ocr_line' id='line_1_13' title="bbox 32 1104 766 1161; baseline 0.001 -16"><span class='ocrx_word' id='word_1_94' title='bbox 32 1126 41 1136; x_wconf 91' lang='lat'><em>-</em></span> <span class='ocrx_word' id='word_1_95' title='bbox 83 1106 136 1147; x_wconf 90' lang='lat' dir='ltr'>inter</span> <span class='ocrx_word' id='word_1_96' title='bbox 155 1104 315 1158; x_wconf 85' lang='lat' dir='ltr'>septentrionem</span> <span class='ocrx_word' id='word_1_97' title='bbox 336 1107 356 1145; x_wconf 88' lang='lat' dir='ltr'>et</span> <span class='ocrx_word' id='word_1_98' title='bbox 370 1104 498 1161; x_wconf 86' lang='lat' dir='ltr'>occidentem</span> <span class='ocrx_word' id='word_1_99' title='bbox 513 1104 572 1146; x_wconf 88' lang='lat' dir='ltr'>sitam</span> <span class='ocrx_word' id='word_1_100' title='bbox 587 1117 641 1157; x_wconf 86' lang='lat' dir='ltr'>esse,</span> <span class='ocrx_word' id='word_1_101' title='bbox 660 1104 766 1147; x_wconf 73' lang='lat' dir='ltr'>Robinson</span> 
     </span>
     <span class='ocr_line' id='line_1_14' title="bbox 84 1176 765 1233; baseline -0.003 -11"><span class='ocrx_word' id='word_1_102' title='bbox 84 1179 209 1231; x_wconf 80' lang='lat' dir='ltr'>(Palaestina</span> <span class='ocrx_word' id='word_1_103' title='bbox 223 1178 282 1220; x_wconf 89' lang='lat' dir='ltr'>Halle</span> <span class='ocrx_word' id='word_1_104' title='bbox 297 1178 359 1230; x_wconf 80' lang='grc'>1841,</span> <span class='ocrx_word' id='word_1_105' title='bbox 374 1176 400 1231; x_wconf 86' lang='grc' dir='ltr'>ΙΙ,</span> <span class='ocrx_word' id='word_1_106' title='bbox 415 1177 467 1232; x_wconf 83' lang='grc'>118)</span> <span class='ocrx_word' id='word_1_107' title='bbox 483 1178 570 1232; x_wconf 90' lang='lat' dir='ltr'>opponit</span> <span class='ocrx_word' id='word_1_108' title='bbox 583 1178 635 1220; x_wconf 88' lang='lat' dir='ltr'>Nelr.</span> <span class='ocrx_word' id='word_1_109' title='bbox 644 1176 681 1233; x_wconf 92' lang='lat' dir='ltr'>III,</span> <span class='ocrx_word' id='word_1_110' title='bbox 694 1180 713 1232; x_wconf 84' lang='lat'>3,</span> <span class='ocrx_word' id='word_1_111' title='bbox 728 1179 765 1220; x_wconf 74' lang='lat' dir='ltr'>arbi</span> 
     </span>
     <span class='ocr_line' id='line_1_15' title="bbox 84 1252 765 1308; baseline 0 -13"><span class='ocrx_word' id='word_1_112' title='bbox 84 1258 144 1308; x_wconf 87' lang='lat' dir='ltr'>porta</span> <span class='ocrx_word' id='word_1_113' title='bbox 161 1253 249 1308; x_wconf 83' lang='lat' dir='ltr'>piscium</span> <span class='ocrx_word' id='word_1_114' title='bbox 267 1252 360 1307; x_wconf 81' lang='lat' dir='ltr'>sequitur</span> <span class='ocrx_word' id='word_1_115' title='bbox 377 1256 458 1305; x_wconf 87' lang='lat' dir='ltr'>portam</span> <span class='ocrx_word' id='word_1_116' title='bbox 478 1252 547 1294; x_wconf 61' lang='lat' dir='ltr'>osriurn</span> <span class='ocrx_word' id='word_1_117' title='bbox 562 1252 588 1292; x_wconf 87' lang='lat' dir='ltr'>ad</span> <span class='ocrx_word' id='word_1_118' title='bbox 602 1253 702 1295; x_wconf 84' lang='lat' dir='ltr'>orientem</span> <span class='ocrx_word' id='word_1_119' title='bbox 717 1266 765 1308; x_wconf 89' lang='lat' dir='ltr'>spe-</span> 
     </span>
     <span class='ocr_line' id='line_1_16' title="bbox 85 1325 766 1381; baseline -0.001 -11"><span class='ocrx_word' id='word_1_120' title='bbox 85 1332 177 1370; x_wconf 85' lang='lat' dir='ltr'>ctantem.</span> <span class='ocrx_word' id='word_1_121' title='bbox 207 1326 235 1368; x_wconf 83' lang='lat' dir='ltr'>At</span> <span class='ocrx_word' id='word_1_122' title='bbox 253 1326 271 1368; x_wconf 90' lang='lat' dir='ltr'>si</span> <span class='ocrx_word' id='word_1_123' title='bbox 289 1339 394 1380; x_wconf 81' lang='lat' dir='ltr'>comparas</span> <span class='ocrx_word' id='word_1_124' title='bbox 414 1326 482 1367; x_wconf 87' lang='lat' dir='ltr'>ornnia</span> <span class='ocrx_word' id='word_1_125' title='bbox 497 1339 549 1380; x_wconf 89' lang='lat' dir='ltr'>quae</span> <span class='ocrx_word' id='word_1_126' title='bbox 563 1325 646 1368; x_wconf 74' lang='lat' dir='ltr'>[totins.</span> <span class='ocrx_word' id='word_1_127' title='bbox 665 1328 691 1368; x_wconf 91' lang='lat' dir='ltr'>de</span> <span class='ocrx_word' id='word_1_128' title='bbox 705 1332 766 1381; x_wconf 89' lang='lat' dir='ltr'>porta</span> 
     </span>
     <span class='ocr_line' id='line_1_17' title="bbox 84 1384 795 1456; baseline -0.001 -13"><span class='ocrx_word' id='word_1_129' title='bbox 84 1402 147 1456; x_wconf 87' lang='lat' dir='ltr'>putei,</span> <span class='ocrx_word' id='word_1_130' title='bbox 163 1402 188 1442; x_wconf 91' lang='lat' dir='ltr'>de</span> <span class='ocrx_word' id='word_1_131' title='bbox 202 1404 263 1453; x_wconf 88' lang='lat' dir='ltr'>porta</span> <span class='ocrx_word' id='word_1_132' title='bbox 277 1414 379 1455; x_wconf 85' lang='lat' dir='ltr'>equorum</span> <span class='ocrx_word' id='word_1_133' title='bbox 393 1404 455 1454; x_wconf 87' lang='lat' dir='ltr'>atque</span> <span class='ocrx_word' id='word_1_134' title='bbox 470 1412 535 1453; x_wconf 88' lang='lat' dir='ltr'>aquae</span> <span class='ocrx_word' id='word_1_135' title='bbox 548 1399 667 1441; x_wconf 85' lang='lat' dir='ltr'>verisimilia</span> <span class='ocrx_word' id='word_1_136' title='bbox 681 1414 727 1442; x_wconf 88' lang='lat' dir='ltr'>esse</span> <span class='ocrx_word' id='word_1_137' title='bbox 735 1401 770 1442; x_wconf 32' lang='lat' dir='ltr'>&lt;li-f</span> <span class='ocrx_word' id='word_1_138' title='bbox 793 1384 795 1388; x_wconf 16' lang='lat' dir='ltr'>i</span> 
     </span>
     <span class='ocr_line' id='line_1_18' title="bbox 85 1473 766 1530; baseline -0.001 -13"><span class='ocrx_word' id='word_1_139' title='bbox 85 1477 118 1530; x_wconf 86' lang='lat' dir='ltr'>cit,</span> <span class='ocrx_word' id='word_1_140' title='bbox 133 1480 215 1530; x_wconf 86' lang='lat' dir='ltr'>portam</span> <span class='ocrx_word' id='word_1_141' title='bbox 227 1475 315 1528; x_wconf 78' lang='lat' dir='ltr'>plscinm</span> <span class='ocrx_word' id='word_1_142' title='bbox 330 1474 491 1527; x_wconf 85' lang='lat' dir='ltr'>septentrionem</span> <span class='ocrx_word' id='word_1_143' title='bbox 503 1486 576 1515; x_wconf 77' lang='lat' dir='ltr'>versus</span> <span class='ocrx_word' id='word_1_144' title='bbox 591 1473 650 1515; x_wconf 83' lang='lat' dir='ltr'>sitam</span> <span class='ocrx_word' id='word_1_145' title='bbox 657 1474 721 1516; x_wconf 85' lang='lat' dir='ltr'>luisse</span> <span class='ocrx_word' id='word_1_146' title='bbox 729 1487 766 1516; x_wconf 88' lang='lat' dir='ltr'>ne-</span> 
     </span>
     <span class='ocr_line' id='line_1_19' title="bbox 84 1548 767 1603; baseline -0.004 -10"><span class='ocrx_word' id='word_1_147' title='bbox 84 1550 128 1593; x_wconf 85' lang='lat' dir='ltr'>scio</span> <span class='ocrx_word' id='word_1_148' title='bbox 144 1563 181 1591; x_wconf 89' lang='lat' dir='ltr'>cur</span> <span class='ocrx_word' id='word_1_149' title='bbox 194 1562 302 1603; x_wconf 77' lang='lat' dir='ltr'>negemus3</span> <span class='ocrx_word' id='word_1_150' title='bbox 317 1549 357 1590; x_wconf 88' lang='lat' dir='ltr'>hoc</span> <span class='ocrx_word' id='word_1_151' title='bbox 371 1552 438 1590; x_wconf 85' lang='lat' dir='ltr'>autem</span> <span class='ocrx_word' id='word_1_152' title='bbox 454 1548 609 1603; x_wconf 86' lang='lat' dir='ltr'>quodammodo</span> <span class='ocrx_word' id='word_1_153' title='bbox 619 1550 705 1591; x_wconf 70' lang='lat' dir='ltr'>Hieron</span> <span class='ocrx_word' id='word_1_154' title='bbox 719 1562 767 1590; x_wconf 91' lang='lat' dir='ltr'>ver-</span> 
     </span>
     <span class='ocr_line' id='line_1_20' title="bbox 83 1620 766 1677; baseline -0.004 -11"><span class='ocrx_word' id='word_1_155' title='bbox 83 1624 116 1666; x_wconf 86' lang='lat' dir='ltr'>bis</span> <span class='ocrx_word' id='word_1_156' title='bbox 131 1623 237 1672; x_wconf 83' lang='lat' dir='ltr'>ccnvenit;</span> <span class='ocrx_word' id='word_1_157' title='bbox 253 1623 271 1664; x_wconf 86' lang='lat' dir='ltr'>si</span> <span class='ocrx_word' id='word_1_158' title='bbox 284 1625 377 1664; x_wconf 87' lang='lat' dir='ltr'>tenemus</span> <span class='ocrx_word' id='word_1_159' title='bbox 391 1620 472 1676; x_wconf 89' lang='lat' dir='ltr'>portam</span> <span class='ocrx_word' id='word_1_160' title='bbox 486 1622 597 1676; x_wconf 87' lang='lat' dir='ltr'>Diospolin</span> <span class='ocrx_word' id='word_1_161' title='bbox 611 1626 672 1677; x_wconf 88' lang='lat' dir='ltr'>atque</span> <span class='ocrx_word' id='word_1_162' title='bbox 682 1622 766 1677; x_wconf 80' lang='lat' dir='ltr'>Jcppen</span> 
     </span>
     <span class='ocr_line' id='line_1_21' title="bbox 84 1695 766 1750; baseline -0.001 -12"><span class='ocrx_word' id='word_1_163' title='bbox 84 1698 177 1750; x_wconf 82' lang='lat' dir='ltr'>dimisse,</span> <span class='ocrx_word' id='word_1_164' title='bbox 199 1697 274 1750; x_wconf 88' lang='lat' dir='ltr'>quippe</span> <span class='ocrx_word' id='word_1_165' title='bbox 293 1708 345 1750; x_wconf 81' lang='lat' dir='ltr'>qnae</span> <span class='ocrx_word' id='word_1_166' title='bbox 362 1695 397 1738; x_wconf 84' lang='lat' dir='ltr'>via</span> <span class='ocrx_word' id='word_1_167' title='bbox 414 1709 458 1738; x_wconf 89' lang='lat' dir='ltr'>uon</span> <span class='ocrx_word' id='word_1_168' title='bbox 476 1696 545 1738; x_wconf 89' lang='lat' dir='ltr'>solum</span> <span class='ocrx_word' id='word_1_169' title='bbox 559 1709 585 1737; x_wconf 82' lang='lat' dir='ltr'>ex</span> <span class='ocrx_word' id='word_1_170' title='bbox 599 1696 640 1738; x_wconf 87' lang='lat' dir='ltr'>situ</span> <span class='ocrx_word' id='word_1_171' title='bbox 654 1696 766 1738; x_wconf 85' lang='lat' dir='ltr'>sedetiam</span> 
     </span>
     <span class='ocr_line' id='line_1_22' title="bbox 85 1770 766 1825; baseline -0.004 -12"><span class='ocrx_word' id='word_1_172' title='bbox 85 1784 111 1812; x_wconf 84' lang='lat' dir='ltr'>ex</span> <span class='ocrx_word' id='word_1_173' title='bbox 119 1772 159 1813; x_wconf 88' lang='lat' dir='ltr'>soli</span> <span class='ocrx_word' id='word_1_174' title='bbox 167 1770 251 1824; x_wconf 73' lang='lat' dir='ltr'>agrique</span> <span class='ocrx_word' id='word_1_175' title='bbox 259 1773 332 1811; x_wconf 87' lang='lat' dir='ltr'>natura</span> <span class='ocrx_word' id='word_1_176' title='bbox 340 1770 440 1822; x_wconf 84' lang='lat' dir='ltr'>pendens,</span> <span class='ocrx_word' id='word_1_177' title='bbox 455 1770 514 1811; x_wconf 88' lang='lat' dir='ltr'>facile</span> <span class='ocrx_word' id='word_1_178' title='bbox 527 1770 674 1825; x_wconf 89' lang='lat' dir='ltr'>aliquantulum</span> <span class='ocrx_word' id='word_1_179' title='bbox 682 1773 766 1823; x_wconf 88' lang='lat' dir='ltr'>septen-</span> 
     </span>
     <span class='ocr_line' id='line_1_23' title="bbox 84 1843 764 1898; baseline -0.006 -11"><span class='ocrx_word' id='word_1_180' title='bbox 84 1847 172 1887; x_wconf 86' lang='lat' dir='ltr'>trionem</span> <span class='ocrx_word' id='word_1_181' title='bbox 183 1857 257 1886; x_wconf 86' lang='lat' dir='ltr'>versus</span> <span class='ocrx_word' id='word_1_182' title='bbox 272 1843 381 1884; x_wconf 83' lang='lat' dir='ltr'>inclinasse</span> <span class='ocrx_word' id='word_1_183' title='bbox 395 1844 467 1898; x_wconf 86' lang='lat' dir='ltr'>possit.</span> <span class='ocrx_word' id='word_1_184' title='bbox 489 1843 537 1884; x_wconf 86' lang='lat' dir='ltr'>Fuit</span> <span class='ocrx_word' id='word_1_185' title='bbox 551 1847 618 1885; x_wconf 87' lang='lat' dir='ltr'>autem</span> <span class='ocrx_word' id='word_1_186' title='bbox 632 1848 693 1897; x_wconf 88' lang='lat' dir='ltr'>porta</span> <span class='ocrx_word' id='word_1_187' title='bbox 706 1843 764 1884; x_wconf 88' lang='lat' dir='ltr'>urbis</span> 
     </span>
     <span class='ocr_line' id='line_1_24' title="bbox 83 1917 764 1972; baseline -0.003 -13"><span class='ocrx_word' id='word_1_188' title='bbox 83 1919 192 1970; x_wconf 89' lang='lat' dir='ltr'>inferioris,</span> <span class='ocrx_word' id='word_1_189' title='bbox 207 1931 245 1971; x_wconf 91' lang='lat' dir='ltr'>per</span> <span class='ocrx_word' id='word_1_190' title='bbox 260 1931 320 1972; x_wconf 89' lang='lat' dir='ltr'>quam</span> <span class='ocrx_word' id='word_1_191' title='bbox 334 1918 415 1958; x_wconf 85' lang='lat' dir='ltr'>hostem</span> <span class='ocrx_word' id='word_1_192' title='bbox 429 1931 454 1957; x_wconf 77' lang='lat' dir='ltr'>ex</span> <span class='ocrx_word' id='word_1_193' title='bbox 463 1917 603 1970; x_wconf 87' lang='lat' dir='ltr'>septentrione</span> <span class='ocrx_word' id='word_1_194' title='bbox 611 1917 764 1971; x_wconf 78' lang='lat' dir='ltr'>aggredientem</span> 
     </span>
     <span class='ocr_line' id='line_1_25' title="bbox 83 1991 764 2046; baseline -0.003 -13"><span class='ocrx_word' id='word_1_195' title='bbox 83 1994 197 2046; x_wconf 89' lang='lat' dir='ltr'>irrumpere</span> <span class='ocrx_word' id='word_1_196' title='bbox 212 1991 310 2045; x_wconf 86' lang='lat' dir='ltr'>oportuit.</span> <span class='ocrx_word' id='word_1_197' title='bbox 325 2014 352 2021; x_wconf 87' lang='grc'>-</span> <span class='ocrx_word' id='word_1_198' title='bbox 381 1991 447 2031; x_wconf 90' lang='lat' dir='ltr'>Etiam</span> <span class='ocrx_word' id='word_1_199' title='bbox 460 1991 524 2044; x_wconf 72' lang='lat' dir='ltr'>nangis</span> <span class='ocrx_word' id='word_1_200' title='bbox 538 1991 628 2033; x_wconf 83' lang='lat' dir='ltr'>turbavit</span> <span class='ocrx_word' id='word_1_201' title='bbox 641 1992 764 2045; x_wconf 89' lang='lat' dir='ltr'>interpretes</span> 
     </span>
     <span class='ocr_line' id='line_1_26' title="bbox 83 2057 831 2118; baseline 0 -12"><span class='ocrx_word' id='word_1_202' title='bbox 83 2062 170 2116; x_wconf 66' lang='lat' dir='ltr'>nummu,</span> <span class='ocrx_word' id='word_1_203' title='bbox 185 2064 258 2116; x_wconf 86' lang='lat' dir='ltr'>altera,</span> <span class='ocrx_word' id='word_1_204' title='bbox 274 2064 373 2116; x_wconf 85' lang='lat' dir='ltr'>secunda,</span> <span class='ocrx_word' id='word_1_205' title='bbox 393 2064 418 2105; x_wconf 85' lang='lat' dir='ltr'>cl.</span> <span class='ocrx_word' id='word_1_206' title='bbox 433 2062 592 2118; x_wconf 71' lang='lat' dir='ltr'>IlReprXll,</span> <span class='ocrx_word' id='word_1_207' title='bbox 608 2063 765 2107; x_wconf 67' lang='lat' dir='ltr'>tallolo-011.</span> <span class='ocrx_word' id='word_1_208' title='bbox 829 2057 831 2061; x_wconf 17' lang='grc' dir='ltr'><em>Α</em></span> 
     </span>
     <span class='ocr_line' id='line_1_27' title="bbox 82 2137 765 2194; baseline -0.001 -14"><span class='ocrx_word' id='word_1_209' title='bbox 82 2137 177 2190; x_wconf 87' lang='lat' dir='ltr'>XXXIV,</span> <span class='ocrx_word' id='word_1_210' title='bbox 193 2139 231 2190; x_wconf 79' lang='lat'>22,</span> <span class='ocrx_word' id='word_1_211' title='bbox 250 2137 286 2179; x_wconf 89' lang='lat' dir='ltr'>ubi</span> <span class='ocrx_word' id='word_1_212' title='bbox 300 2138 370 2179; x_wconf 86' lang='lat' dir='ltr'>Josiae</span> <span class='ocrx_word' id='word_1_213' title='bbox 388 2138 450 2192; x_wconf 80' lang='lat' dir='ltr'>legati</span> <span class='ocrx_word' id='word_1_214' title='bbox 464 2139 490 2179; x_wconf 89' lang='lat' dir='ltr'>ad</span> <span class='ocrx_word' id='word_1_215' title='bbox 504 2139 593 2180; x_wconf 89' lang='lat' dir='ltr'>Huldam</span> <span class='ocrx_word' id='word_1_216' title='bbox 607 2140 765 2194; x_wconf 82' lang='lat' dir='ltr'>prophetissam,</span> 
     </span>
     <span class='ocr_line' id='line_1_28' title="bbox 57 2196 764 2267; baseline -0.001 -14"><span class='ocrx_word' id='word_1_217' title='bbox 57 2196 59 2200; x_wconf 33' lang='lat'><strong><em>¹</em></strong></span> <span class='ocrx_word' id='word_1_218' title='bbox 82 2213 103 2253; x_wconf 93' lang='lat' dir='ltr'>in</span> <span class='ocrx_word' id='word_1_219' title='bbox 118 2213 209 2254; x_wconf 89' lang='lat' dir='ltr'>secunda</span> <span class='ocrx_word' id='word_1_220' title='bbox 222 2212 344 2254; x_wconf 87' lang='lat' dir='ltr'>habitantem</span> <span class='ocrx_word' id='word_1_221' title='bbox 349 2244 355 2266; x_wconf 91' lang='lat'>,</span> <span class='ocrx_word' id='word_1_222' title='bbox 375 2225 401 2253; x_wconf 85' lang='lat' dir='ltr'>ex</span> <span class='ocrx_word' id='word_1_223' title='bbox 415 2226 463 2254; x_wconf 86' lang='lat' dir='ltr'>arce</span> <span class='ocrx_word' id='word_1_224' title='bbox 478 2213 535 2267; x_wconf 81' lang='lat' dir='ltr'>regia</span> <span class='ocrx_word' id='word_1_225' title='bbox 549 2214 683 2256; x_wconf 86' lang='lat' dir='ltr'>descendunt.</span> <span class='ocrx_word' id='word_1_226' title='bbox 712 2213 764 2256; x_wconf 84' lang='lat' dir='ltr'>Neir.</span> 
     </span>
     <span class='ocr_line' id='line_1_29' title="bbox 81 2283 775 2340; baseline 0 -13"><span class='ocrx_word' id='word_1_227' title='bbox 81 2285 116 2338; x_wconf 89' lang='lat' dir='ltr'>XI,</span> <span class='ocrx_word' id='word_1_228' title='bbox 126 2288 139 2326; x_wconf 88' lang='lat'><strong>9</strong></span> <span class='ocrx_word' id='word_1_229' title='bbox 149 2286 196 2327; x_wconf 88' lang='lat' dir='ltr'>urbi</span> <span class='ocrx_word' id='word_1_230' title='bbox 205 2287 307 2328; x_wconf 85' lang='lat' dir='ltr'>secundae</span> <span class='ocrx_word' id='word_1_231' title='bbox 322 2283 382 2335; x_wconf 68' lang='lat' dir='ltr'>unnim</span> <span class='ocrx_word' id='word_1_232' title='bbox 391 2296 428 2329; x_wconf 71' lang='lat' dir='ltr'>nn</span> <span class='ocrx_word' id='word_1_233' title='bbox 441 2287 558 2340; x_wconf 86' lang='lat' dir='ltr'>praefectus</span> <span class='ocrx_word' id='word_1_234' title='bbox 567 2287 703 2329; x_wconf 85' lang='lat' dir='ltr'>constituitur.</span> <span class='ocrx_word' id='word_1_235' title='bbox 726 2285 775 2328; x_wconf 70' lang='lat' dir='ltr'>Jo-&#39;</span> 
     </span>
     <span class='ocr_line' id='line_1_30' title="bbox 81 2349 765 2415; baseline 0.001 -15"><span class='ocrx_word' id='word_1_236' title='bbox 81 2360 152 2413; x_wconf 67' lang='lat' dir='ltr'>septaes</span> <span class='ocrx_word' id='word_1_237' title='bbox 165 2358 234 2415; x_wconf 85' lang='lat' dir='ltr'>Antiq.</span> <span class='ocrx_word' id='word_1_238' title='bbox 249 2360 294 2402; x_wconf 83' lang='lat' dir='ltr'>XV.</span> <span class='ocrx_word' id='word_1_239' title='bbox 310 2360 343 2412; x_wconf 84' lang='grc'>11,</span> <span class='ocrx_word' id='word_1_240' title='bbox 359 2361 373 2400; x_wconf 87' lang='grc'><strong><em>5</em></strong></span> <span class='ocrx_word' id='word_1_241' title='bbox 387 2360 460 2401; x_wconf 85' lang='lat' dir='ltr'>urbem</span> <span class='ocrx_word' id='word_1_242' title='bbox 475 2349 545 2415; x_wconf 61' lang='grc' dir='ltr'><em>ἄλλην</em></span> <span class='ocrx_word' id='word_1_243' title='bbox 559 2361 656 2403; x_wconf 88' lang='lat' dir='ltr'>nominat.</span> <span class='ocrx_word' id='word_1_244' title='bbox 684 2360 765 2401; x_wconf 87' lang='lat' dir='ltr'>Omitti-</span> 
     </span>
     <span class='ocr_line' id='line_1_31' title="bbox 82 2432 766 2488; baseline 0 -14"><span class='ocrx_word' id='word_1_245' title='bbox 82 2447 127 2474; x_wconf 88' lang='lat' dir='ltr'>mus</span> <span class='ocrx_word' id='word_1_246' title='bbox 144 2432 213 2476; x_wconf 79' lang='lat' dir='ltr'>Chald.</span> <span class='ocrx_word' id='word_1_247' title='bbox 229 2437 342 2477; x_wconf 83' lang='lat' dir='ltr'>vertentem</span> <span class='ocrx_word' id='word_1_248' title='bbox 360 2432 567 2488; x_wconf 77' lang='lat' dir='ltr'>IIReg.XXH,14</span> <span class='ocrx_word' id='word_1_249' title='bbox 585 2432 661 2477; x_wconf 60' lang='lat' dir='ltr'>uass</span> <span class='ocrx_word' id='word_1_250' title='bbox 676 2445 711 2476; x_wconf 74' lang='lat' dir='ltr'>rr:</span> <span class='ocrx_word' id='word_1_251' title='bbox 727 2435 766 2475; x_wconf 86' lang='lat' dir='ltr'>do-</span> 
     </span>
     <span class='ocr_line' id='line_1_32' title="bbox 82 2508 765 2563; baseline -0.003 -14"><span class='ocrx_word' id='word_1_252' title='bbox 82 2522 137 2549; x_wconf 84' lang='lat' dir='ltr'>mmn</span> <span class='ocrx_word' id='word_1_253' title='bbox 152 2509 265 2563; x_wconf 86' lang='lat' dir='ltr'>doctrinae,</span> <span class='ocrx_word' id='word_1_254' title='bbox 278 2508 394 2563; x_wconf 86' lang='lat' dir='ltr'>multasque</span> <span class='ocrx_word' id='word_1_255' title='bbox 406 2509 515 2563; x_wconf 90' lang='lat' dir='ltr'>opiniones</span> <span class='ocrx_word' id='word_1_256' title='bbox 523 2508 592 2562; x_wconf 89' lang='lat' dir='ltr'>ipsum</span> <span class='ocrx_word' id='word_1_257' title='bbox 601 2513 689 2562; x_wconf 87' lang='lat' dir='ltr'>secutas,</span> <span class='ocrx_word' id='word_1_258' title='bbox 706 2509 765 2549; x_wconf 91' lang='lat' dir='ltr'>omit-</span> 
     </span>
     <span class='ocr_line' id='line_1_33' title="bbox 83 2581 764 2637; baseline -0.001 -14"><span class='ocrx_word' id='word_1_259' title='bbox 83 2582 144 2623; x_wconf 88' lang='lat' dir='ltr'>timus</span> <span class='ocrx_word' id='word_1_260' title='bbox 152 2584 243 2636; x_wconf 64' lang='lat' dir='ltr'>Hstnssgzt</span> <span class='ocrx_word' id='word_1_261' title='bbox 256 2584 383 2636; x_wconf 88' lang='lat' dir='ltr'>seutentiam,</span> <span class='ocrx_word' id='word_1_262' title='bbox 398 2581 473 2626; x_wconf 81' lang='lat' dir='ltr'>noram</span> <span class='ocrx_word' id='word_1_263' title='bbox 484 2583 541 2625; x_wconf 89' lang='lat' dir='ltr'>urbis</span> <span class='ocrx_word' id='word_1_264' title='bbox 549 2587 629 2637; x_wconf 88' lang='lat' dir='ltr'>partem</span> <span class='ocrx_word' id='word_1_265' title='bbox 642 2585 764 2624; x_wconf 86' lang='lat' dir='ltr'>construen-</span> 
     </span>
     <span class='ocr_line' id='line_1_34' title="bbox 83 2654 765 2711; baseline -0.001 -15"><span class='ocrx_word' id='word_1_266' title='bbox 83 2660 123 2697; x_wconf 89' lang='lat' dir='ltr'>tem</span> <span class='ocrx_word' id='word_1_267' title='bbox 131 2669 143 2696; x_wconf 81' lang='lat' dir='ltr'>a</span> <span class='ocrx_word' id='word_1_268' title='bbox 151 2654 253 2697; x_wconf 71' lang='lat' dir='ltr'>troarno</span> <span class='ocrx_word' id='word_1_269' title='bbox 261 2658 374 2700; x_wconf 87' lang='lat' dir='ltr'>refutatam.</span> <span class='ocrx_word' id='word_1_270' title='bbox 397 2657 479 2699; x_wconf 65' lang='lat' dir='ltr'>notatu.</span> <span class='ocrx_word' id='word_1_271' title='bbox 492 2657 507 2699; x_wconf 76' lang='lat' dir='ltr'>l.</span> <span class='ocrx_word' id='word_1_272' title='bbox 515 2671 533 2697; x_wconf 94' lang='lat' dir='ltr'>c.</span> <span class='ocrx_word' id='word_1_273' title='bbox 543 2671 588 2711; x_wconf 79' lang='lat' dir='ltr'>pag.</span> <span class='ocrx_word' id='word_1_274' title='bbox 597 2658 625 2698; x_wconf 82' lang='lat'>50</span> <span class='ocrx_word' id='word_1_275' title='bbox 632 2658 684 2697; x_wconf 78' lang='lat' dir='ltr'>lrauc</span> <span class='ocrx_word' id='word_1_276' title='bbox 691 2655 765 2697; x_wconf 82' lang='lat' dir='ltr'>urbem</span> 
     </span>
    </p>
   </div>
   <div class='ocr_carea' id='block_1_3' title="bbox 84 2728 768 2839">
    <p class='ocr_par' dir='ltr' id='par_1_3' title="bbox 84 2728 768 2839">
     <span class='ocr_line' id='line_1_35' title="bbox 84 2728 768 2788; baseline -0.001 -16"><span class='ocrx_word' id='word_1_277' title='bbox 84 2728 200 2782; x_wconf 87' lang='lat' dir='ltr'>secundam,</span> <span class='ocrx_word' id='word_1_278' title='bbox 215 2729 297 2783; x_wconf 89' lang='lat' dir='ltr'>Acram,</span> <span class='ocrx_word' id='word_1_279' title='bbox 312 2735 391 2785; x_wconf 86' lang='lat' dir='ltr'>partem</span> <span class='ocrx_word' id='word_1_280' title='bbox 404 2732 460 2774; x_wconf 87' lang='lat' dir='ltr'>illam</span> <span class='ocrx_word' id='word_1_281' title='bbox 474 2731 666 2784; x_wconf 85' lang='lat' dir='ltr'>Hierosolymorum</span> <span class='ocrx_word' id='word_1_282' title='bbox 679 2730 768 2788; x_wconf 20' lang='lat' dir='ltr'>inferio-¹</span> 
     </span>
     <span class='ocr_line' id='line_1_36' title="bbox 583 2797 630 2839; baseline 0 -25"><span class='ocrx_word' id='word_1_283' title='bbox 583 2805 590 2814; x_wconf 53' lang='lat' dir='ltr'><strong>f</strong></span> <span class='ocrx_word' id='word_1_284' title='bbox 597 2797 610 2839; x_wconf 71' lang='lat'><strong>2</strong></span> <span class='ocrx_word' id='word_1_285' title='bbox 616 2799 630 2829; x_wconf 58' lang='lat' dir='ltr'>,p</span> 
     </span>
    </p>
   </div>
   <div class='ocr_carea' id='block_1_4' title="bbox 0 0 900 3089">
    <p class='ocr_par' dir='ltr' id='par_1_4' title="bbox 0 0 900 3089">
     <span class='ocr_line' id='line_1_37' title="bbox 0 0 900 3089; baseline 0 0"><span class='ocrx_word' id='word_1_286' title='bbox 0 0 900 3089; x_wconf 95' lang='lat' dir='ltr'> </span> 
     </span>
    </p>
   </div>
  </div>
 </body>
</html>
