1792 3089
351 174 496 210 Promeonnnn.
736 186 767 217 vn

83 276 107 319 J.
116 278 143 319 D.
152 277 224 327 Mz'cln,
238 277 262 318 P.
270 278 320 328 Em,
334 278 408 329 Ham).
432 276 471 318 Cui
483 282 550 318 tamen
563 276 676 318 sententiae
687 276 764 329 Carpa,

83 348 158 400 Jahn„
172 352 248 399 Herm,
265 349 353 401 Gramb„
368 351 392 391 de
412 350 498 393 mettius
513 354 621 403 opponunt
636 351 659 402 1)
674 350 764 390 chrono-

83 422 167 476 logiam,
186 422 212 463 ab
226 422 297 463 Histria
316 424 368 463 enim
387 436 453 477 usque
467 423 493 463 ad
506 422 584 464 Josiam
603 423 707 464 numerari
721 428 763 464 tres

83 499 161 536 tantum
175 496 327 548 generationes,
346 496 406 537 nobis
421 500 510 550 quatuor
523 496 597 536 afferri.
626 495 654 537 At
668 496 764 549 quoniam

83 568 179 609 Manasse
194 568 339 622 quinquaginta
354 571 445 624 quinque
459 583 524 610 annos
539 569 640 622 regnavit,
659 568 764 621 octoginta

83 642 117 682 vel
131 641 241 694 nonaginta
255 656 356 684 annorum
370 644 436 696 spatio
451 643 510 684 facile
522 649 611 697 quatuor
620 642 763 696 generationes

83 720 172 767 possunt
186 719 268 755 secutae
284 729 336 756 esse.
364 717 387 767 2)
402 716 476 756 Filium
490 716 573 756 Histriae
586 715 689 774 Amariam
704 716 725 755 in
739 714 764 754 li-

83 787 127 828 bris
140 788 243 829 historicis
257 801 300 829 non
313 790 477 838 commemorarh
493 790 530 830 sed
540 802 610 842 regum
619 788 674 829 filios
684 799 763 837 omnes,

84 861 172 901 fortasse
187 861 246 901 etiam
261 875 286 901 ex
300 862 386 902 secundi
401 862 478 903 ordinis
493 875 558 901 uxore
572 866 638 912 natos,
655 861 763 901 nominan-

85 934 124 975 dos
146 947 191 974 esse
212 947 255 974 non
276 937 367 987 apparet.
403 935 426 985 3)
448 935 530 974 Hiskiae
551 934 630 975 nomini
650 933 764 973 addendam

84 1007 148 1048 fuisse
166 1006 283 1059 dignitatem
302 1007 356 1059 regis
374 1007 450 1055 Judae3
470 1020 522 1060 quae
539 1012 607 1047 tamen
625 1006 723 1056 formula,
742 1006 764 1045 in

83 1080 142 1121 dosia
162 1079 279 1120 necessario
304 1079 417 1128 afferenda,
438 1079 459 1119 in
478 1080 550 1121 Hishia
571 1080 630 1120 facile
652 1079 764 1120 omittenda

85 1156 138 1203 erat,
157 1152 267 1205 praecipue
286 1161 349 1206 quum
367 1152 388 1193 iu
407 1153 541 1206 inscriptione
559 1152 703 1193 vaticiniorum
720 1165 764 1192 non

85 1225 147 1277 stirps
169 1224 220 1265 vatis
241 1225 298 1278 regia
319 1226 356 1266 sed
379 1226 489 1266 auctoritas
511 1227 579 1267 divina
600 1230 656 1267 esset
672 1225 764 1278 urgenda

85 1302 146 1351 atque
173 1311 249 1338 nomen
271 1298 354 1339 Histriae
381 1298 448 1350 ipsum
475 1298 590 1351 indagando
615 1298 696 1351 generis
721 1298 763 1338 ori-

85 1371 127 1423 gini
146 1371 256 1411 sufficeret.
292 1371 316 1421 4)
333 1372 456 1423 Repugnare
474 1371 538 1412 verba
555 1370 766 1424 Pseudo-upplann'

86 1444 112 1484 de
130 1444 177 1484 vitis
195 1444 341 1496 prophetarum
360 1444 400 1497 op.
416 1446 444 1495 ΙΙ,
467 1445 519 1496 448,
543 1444 578 1498 qui
596 1444 719 1497 Zephauiam
738 1456 764 1484 ex

85 1517 140 1557 tribu
154 1516 286 1557 Simeonitioa
299 1516 325 1555 ad
339 1521 429 1557 montem
445 1517 575 1557 Sambatham
590 1522 657 1558 ortum
673 1529 719 1558 esse
734 1515 764 1556 di-

86 1594 128 1640 cat,
143 1589 164 1629 id
179 1590 235 1642 quod
249 1589 357 1630 confirmet
371 1590 430 1630 etiam
444 1590 660 1631 Prendo-Dorotlaemr.
685 1590 728 1630 Sed
742 1594 765 1630 ut

87 1663 202 1704 omittamus
220 1667 310 1703 montem
328 1663 459 1703 Sarabatham
478 1664 539 1705 uobis
557 1676 644 1716 prorsus
660 1676 703 1703 non
718 1675 764 1703 esse

86 1741 168 1785 notum,
190 1735 263 1775 deinde
281 1736 347 1777 tribus
362 1736 507 1777 Simeoniticae
521 1736 542 1776 in
556 1737 611 1777 tribu
625 1735 691 1776 Judae
706 1735 765 1776 dissi-

86 1813 145 1863 patae
157 1809 278 1849 memoriam
289 1808 328 1848 hac
339 1813 405 1849 aetate
417 1810 469 1850 adeo
482 1810 599 1860 evanuisse,
617 1813 640 1850 ut
649 1809 715 1850 tribus
727 1810 765 1850 Ju-

88 1884 157 1923 daicae
169 1882 240 1934 proles
255 1880 315 1921 etiam
329 1881 350 1921 in
363 1881 412 1923 loco
428 1883 476 1924 olim
484 1882 617 1923 Simeonitico
632 1887 704 1934 posset
718 1895 765 1922 ver-

88 1961 131 1997 sata
149 1968 205 2005 esse,
224 1956 312 1995 duorum
329 1955 412 1996 illorum
429 1956 510 1996 testium
529 1954 670 1996 auctoritatem
685 1958 766 1995 constat

87 2029 164 2070 nullius
178 2028 222 2067 tere
241 2028 338 2068 momenti
357 2040 408 2068 esse.
438 2031 496 2081 Quae
516 2041 579 2081 quum
592 2028 621 2067 ita
635 2027 684 2078 sint,
704 2040 767 2080 argu-

39 2141 42 2145 .
68 2121 70 2123 ’
88 2106 156 2142 menta
169 2100 204 2140 illa
222 2113 265 2140 non
283 2100 378 2140 videntur
396 2104 440 2141 rata
459 2113 505 2141 esse
524 2105 585 2155 atque
600 2101 692 2154 quamvis
706 2100 727 2141 in
742 2114 765 2141 re

88 2174 149 2215 dubia
163 2187 201 2226 pro
217 2178 274 2214 certo
286 2172 336 2213 nihil
344 2174 479 2226 statuipossit
492 2174 580 2226 (naoth,
591 2172 664 2223 Knod„
675 2173 765 2226 Mamm),

87 2252 154 2288 tamen
169 2252 254 2299 propter
268 2246 394 2287 nobilitatem
408 2246 463 2286 illam
478 2260 541 2300 supra
557 2247 715 2287 demonstratam
729 2259 766 2287 ve-

87 2320 171 2362 risimile
191 2323 231 2371 est,
250 2320 341 2360 Hiskiam
359 2320 423 2359 fuisse
440 2333 510 2371 regem
528 2320 594 2361 Judae
609 2324 629 2360 et
643 2320 767 2373 Zephaniam

86 2395 153 2440 vestm
168 2406 179 2433 e
194 2392 257 2445 stirpe
271 2393 327 2446 regia
342 2397 414 2433 ortum.

91 2486 95 2490 ·
129 2468 162 2507 De
177 2466 292 2518 Zephaniae
310 2465 352 2506 vita
369 2465 419 2506 nihil
436 2465 532 2506 traditum
551 2470 588 2506 est.
619 2465 766 2518 Pseudo-Epi-

83 2541 174 2594 pham'us
182 2539 264 2593 quidem
277 2534 299 2577 ἐν
307 2531 455 2591 ἀποκαλύψει
464 2532 542 2592 κυρίου
553 2552 599 2579 eum
609 2543 712 2579 mortuum
721 2551 767 2579 esse

89 2614 161 2662 refert3
178 2612 262 2653 sedhoc
276 2625 317 2653 non
330 2612 397 2653 minus
406 2612 488 2653 videtur
497 2612 567 2653 fiotum
579 2625 631 2663 esse,
645 2624 704 2664 quam
714 2602 766 2651 ἀνά-

90 2683 217 2740 ληψιςείιιε,
227 2686 281 2726 uude
291 2686 345 2744 apud
351 2684 470 2726 Fabricium
476 2684 528 2725 cod.
533 2683 665 2737 Pseudepigr.
671 2683 767 2736 Oxvrn,
