1792 3089
151 113 179 155 25
393 110 436 147 ore.
447 111 466 154 Ι,
482 124 498 148 v.
510 110 592 150 11-16.

151 214 261 256 dictionem
275 214 296 255 in
311 215 373 257 rebus
388 214 459 257 iisdem
473 216 602 271 propositam
615 217 658 259 Jes.
667 218 735 269 LXV,
751 218 830 260 2111,

151 286 196 328 Am.
209 290 245 339 ΙΧ,
262 289 295 329 14.
310 298 354 334 mor
370 302 395 329 ex
409 290 557 332 consecutione
571 294 687 344 temporum
701 291 834 344 praeteritum

152 374 232 402 merum
247 375 293 403 esse
307 363 378 416 nequit
383 395 389 414 ,
408 363 504 415 (Mnmn)
520 378 583 419 qnare
599 379 644 406 oum
658 366 751 419 Ht'tsr'gt'o
766 370 834 407 etse-

154 435 245 477 cundnm
259 437 319 477 Dent.
335 437 426 478 futurum
441 440 534 479 exactum
548 439 679 488 verterimus;
699 452 750 494 ques
764 440 835 480 aedifi-

153 510 244 552 caverint
258 510 341 562 domos,
359 523 402 553 non
415 510 541 553 habitabunt.

427 653 447 681 v.
465 640 563 682 14-18,

193 731 284 772 Judaeos
300 730 402 785 supplicio
417 730 537 774 afficiendos
549 745 601 784 esse,
617 733 666 774 satis
675 746 778 787 superque
789 746 837 786 per-

152 808 244 859 spectum
263 808 305 854 est;
328 805 389 845 immo
409 805 459 846 dens
482 819 525 847 non
545 809 599 847 esset
618 806 679 858 dens,
702 807 721 848 si
738 807 836 860 impunita

151 880 215 920 ferret
229 879 314 920 seelera.
342 879 369 919 Et
382 880 477 932 profecto
493 878 536 920 dies
550 880 648 931 Jehovae,
664 893 725 934 quem
736 882 779 933 jam
793 883 835 921 v.7

151 953 239 994 vidimus
259 941 436 1006 appropinquare,
454 952 553 1005 gradatim
570 954 656 1006 propius
675 954 764 1006 accedit,
784 955 836 994 adeo
860 937 862 940 Α

151 1030 175 1066 nt
188 1040 208 1067 v.
217 1026 308 1066 14-18
322 1025 380 1066 solus
396 1025 462 1066 oculis
476 1025 553 1066 nostris
569 1026 696 1077 obversetur,
712 1039 731 1068 r.
746 1027 837 1068 14-16

152 1098 192 1139 diei
210 1098 275 1151 ipsius
294 1097 416 1152 descriptio,
437 1111 455 1140 v.
469 1098 495 1139 17
517 1102 538 1139 et
556 1099 583 1140 18
602 1111 649 1140 sors
667 1098 785 1141 bominibus
800 1100 836 1141 illo

152 1171 184 1212 die
199 1171 312 1213 imminens.

426 1300 560 1342 nss-ffi

194 1404 214 1432 v.
230 1390 263 1431 14.
293 1391 422 1445 Propinquus
440 1396 470 1431 ert
488 1390 530 1432 dtas
547 1389 633 1433 setosae
650 1402 739 1444 arrogans
757 1395 778 1431 et
795 1392 835 1432 cito

152 1463 221 1514 ¹aroldo,
241 1477 280 1504 noa
294 1464 336 1506 diet
349 1463 445 1515 sebenno,
464 1463 534 1505 creor-be
549 1464 626 1505 claritat
641 1463 671 1504 ibi
683 1463 747 1505 beros.
776 1463 838 1505 Redit

152 1541 209 1580 rates
229 1538 255 1578 ad
274 1537 432 1590 descriptionem
450 1538 495 1579 r.7
514 1537 626 1591 inceptam,
645 1550 685 1591 qna
704 1536 785 1578 Joeiem
804 1550 837 1579 se-

152 1625 217 1668 quens
233 1612 286 1652 diem
300 1610 391 1652 dehorae
406 1611 504 1664 depingit,
519 1611 608 1665 dicitque
624 1623 670 1651 eum
685 1609 748 1664 (Joel.
758 1612 783 1662 n,
799 1611 836 1662 11)

152 1699 253 1739 magnum,
269 1697 310 1740 qno
320 1685 371 1726 dens
380 1684 487 1726 maximam
495 1684 537 1726 irae
546 1697 595 1726 snae
601 1684 645 1739 ¹rim
654 1683 742 1725 effundet
752 1707 778 1717 -
792 1694 836 1724 nno

152 1760 257 1812 marg-an
271 1761 329 1811 putat
341 1771 387 1799 esse
396 1758 467 1812 imper.
475 1758 517 1811 pie]
529 1758 630 1814 simulque
641 1759 758 1809 ostendere,
773 1771 836 1811 posse

152 1844 167 1873 o
181 1833 245 1887 praef.
259 1831 320 1884 abjioi
339 1835 385 1873 ante
404 1831 491 1884 primam
507 1832 551 1872 rad.
570 1843 591 1873 o.
625 1832 667 1873 Sed
685 1832 773 1886 primum
792 1832 837 1885 qni-

153 1907 198 1947 dem
206 1906 263 1961 qnod
277 1909 338 1960 negat
347 1905 469 1947 infinitivum
480 1906 513 1947 hie
521 1906 590 1947 tooum
600 1905 675 1947 trabere
687 1918 757 1959 posse,
765 1905 837 1946 Mam.

154 1995 179 2022 er
187 1980 272 2022 notione
281 1979 366 2032 verbali,
381 1993 433 2035 qnae
441 1979 537 2021 roeibns:
553 1980 683 2035 propinquus
692 1984 729 2031 est,
745 1978 838 2020 contine-

153 2059 194 2106 tor,
209 2054 313 2102 refutavit3
328 2054 402 2094 deinde
414 2054 511 2095 Errantes
525 2067 608 2108 granrm.
621 2055 668 2107 maj.
678 2055 721 2095 254
735 2052 838 2094 rarissime

154 2131 232 2169 tantum
246 2128 287 2168 hoe
302 2138 316 2166 o
332 2128 404 2168 deesse
420 2127 477 2179 dioit,
497 2132 517 2169 et
536 2128 592 2183 qnod
611 2127 679 2169 sotum
694 2127 753 2168 affert
768 2140 837 2169 exem-

153 2202 211 2256 plum
226 2200 277 2243 Ooh.
287 2201 323 2252 IV,
338 2201 352 2241 2
367 2202 455 2254 tempori
469 2202 580 2254 posteriori
599 2202 754 2252 vindicandum,
773 2201 838 2255 expli-

154 2276 234 2318 catione
249 2276 337 2316 fortasse
352 2275 486 2316 auferendum
501 2279 541 2325 est;
561 2279 604 2317 tnm
618 2276 677 2317 verbi
691 2275 762 2329 partie.
777 2288 839 2330 regn-

152 2350 196 2390 ]are
213 2349 299 2402 legimus
319 2350 370 2390 Gen.
384 2350 442 2401 XLI,
461 2350 500 2398 32;
518 2352 625 2403 postremo
643 2349 708 2403 ipsam
726 2350 779 2391 hanc
797 2351 839 2392 for-

152 2436 206 2464 mam
221 2423 339 2476 saepissime
358 2423 444 2477 tegimus
464 2436 511 2464 oum
528 2423 597 2464 verbis
612 2423 743 2475 conjunctam
761 2425 786 2467 of.
800 2425 838 2467 Ex.

152 2497 243 2548 XXXII,
259 2496 278 2537 8.
300 2497 360 2537 Dent.
371 2497 406 2549 IV,
421 2498 455 2538 26.
478 2498 525 2548 Vn,
541 2500 560 2538 4.
582 2497 670 2548 XXVII,
686 2497 713 2538 20
728 2499 839 2553 praecipue

155 2572 176 2611 in
190 2570 264 2624 poenis
283 2569 316 2611 dei
333 2570 485 2622 festinantibus,
506 2584 567 2625 quem
583 2584 658 2624 purum
677 2571 798 2614 infinitivum
818 2575 839 2615 in

154 2645 274 2686 adverbium
288 2643 363 2686 abiisse
379 2645 439 2686 docet
452 2644 549 2686 noaldus
563 2644 576 2686 1.
590 2658 607 2686 o.
622 2658 667 2699 pag.
680 2646 732 2699 631,
752 2648 838 2689 afferens
