1792 3089
176 263 217 305 130
413 261 456 296 cn.
468 261 504 303 in,
516 274 531 296 v.
545 261 624 299 rs-ao.

177 366 237 407 brom
255 370 364 420 utrumque
385 365 484 407 vaticiniis
502 364 606 418 prioribus
621 364 701 417 nititur,
719 364 805 405 alterum
819 365 859 405 illi-

179 439 238 490 chae,
257 438 344 480 alterurn
358 437 520 480 Deuteronomii.
549 438 630 479 Etenim
644 438 721 479 llliclras
738 438 859 480 vaticinatur

180 513 220 562 lV,
235 513 259 552 6:
279 512 312 552 die
326 512 363 553 illo
378 512 473 565 colligam
492 511 639 552 claudicantem
654 516 675 553 et
689 511 795 565 expulsam
809 525 860 553 con-

179 585 280 638 gregabo;
300 589 320 626 et
332 586 422 626 reddam
440 585 588 626 claudicantem
602 585 698 639 reliquias
714 589 734 625 et
749 585 860 638 dispulsam

179 658 279 711 populum
293 658 389 699 validum.
403 682 430 688 -—
447 644 651 711 uveam-Hitaigior
665 662 721 698 recte
736 658 785 699 dicit
797 658 861 711 parti-

180 730 233 784 cipia
247 733 297 772 lraec
311 746 354 773 uon
368 733 434 773 varias
449 732 522 772 afferre
536 731 609 784 populi
624 734 700 784 partes,
716 744 801 785 quarum
811 731 861 772 alte-

180 817 224 844 ram
238 805 289 845 deus
304 805 330 846 sit
345 810 470 856 servaturus,
485 804 571 845 alteram
586 808 753 857 congregaturus,
768 804 790 844 id
805 804 861 858 quod

181 877 235 918 inest
253 878 301 919 loco
321 879 349 929 ei,
369 879 404 933 qui
418 878 526 931 imaginem
539 881 631 918 nostram
646 877 710 918 fusius
724 877 861 931 persequitur,

181 950 256 992 Ezeclr.
270 953 373 1002 XXXIV,
390 953 426 992 ¹16:
446 951 546 1004 perditam
560 963 655 1005 quaeram
675 955 695 990 et
709 950 815 1002 expulsam
828 963 861 990 re-

183 1023 256 1064 ducam
274 1029 295 1064 et
313 1025 420 1066 contritam
439 1024 526 1076 alligabo
541 1027 562 1064 et
575 1027 714 1080 aegrotantem
728 1022 861 1064 confirmabo.

181 1096 261 1137 Etenim
268 1110 311 1137 uon
319 1097 354 1151 qui
362 1097 511 1150 Hierosolymis
519 1097 659 1146 remanserint,
674 1109 710 1136 eos
719 1099 776 1137 vates
784 1096 861 1136 claudi-

182 1173 251 1210 cantes
265 1173 326 1223 atquc
342 1183 385 1222 eos,
400 1170 436 1224 qui
450 1169 472 1209 iu
486 1168 622 1221 captivitatem
630 1169 712 1210 abducti
721 1169 768 1220 sint,
784 1169 861 1223 dispul-

182 1255 218 1283 sos
232 1243 330 1294 nominat,
345 1243 382 1284 sed
391 1244 477 1284 Zionem
491 1242 562 1294 ipsam,
577 1255 638 1296 quam
649 1243 697 1282 inde
712 1255 724 1282 a
738 1256 757 1284 v.
767 1243 793 1283 14
809 1256 862 1284 sem-

182 1315 320 1367 pervidimus
334 1316 449 1368 subjectum
463 1328 515 1366 esse,
531 1316 552 1356 in
567 1319 619 1356 statu
635 1315 762 1356 miseriarum
771 1321 862 1370 exparte

182 1392 291 1440 praesente
309 1389 369 1430 etiam
384 1390 466 1443 gravius
480 1388 596 1429 imminente
611 1388 758 1430 claudicantem
771 1390 863 1431 nominat

183 1465 244 1515 atque
259 1462 371 1514 expulsam.
401 1464 459 1513 Quae
474 1462 595 1503 claudicatio
610 1475 653 1503 uon
668 1476 714 1503 cum
731 1461 812 1517 coccea>
826 1476 862 1504 co-

183 1534 266 1587 gitanda
280 1539 311 1575 est
325 1548 355 1585 ea,
370 1548 431 1589 quam
445 1548 508 1588 supra
522 1535 727 1576 commemoravimus
742 1536 767 1576 ab
775 1536 820 1576 Elia
831 1536 862 1577 vi-

183 1611 297 1660 tuperatam
312 1608 465 1660 lRegXVlll,
476 1609 510 1659 22,
526 1608 562 1648 sed
577 1622 629 1661 quae
644 1622 670 1648 ex
684 1610 767 1649 summis
782 1609 863 1650 calami-

183 1680 258 1722 tatibus
273 1681 375 1734 profecta,
395 1694 458 1734 quum
474 1680 508 1734 qui
522 1685 617 1722 versetur
630 1681 651 1721 in
665 1680 764 1734 angustiis
777 1682 863 1734 perinde

184 1754 210 1794 sit
224 1766 248 1794 ac
262 1754 347 1795 claudus
356 1755 390 1795 Ps.
398 1754 487 1804 XXXV,
499 1755 532 1805 15,
547 1754 647 1807 populum
657 1754 748 1808 depingit
761 1755 863 1796 infirmum

183 1831 245 1880 atque
259 1827 369 1868 dolentem.
381 1850 407 1857 -
422 1826 503 1867 Relatio
518 1832 586 1867 autem
600 1828 625 1867 ad
634 1828 713 1868 lllichae
722 1828 786 1868 verba
794 1832 863 1870 osten-

184 1900 213 1940 dit
231 1901 316 1940 eandem
333 1900 389 1952 tangi
408 1900 578 1953 descriptionem,
600 1914 660 1954 quam
678 1901 793 1954 Zephaniae
810 1903 864 1942 haud

183 1973 250 2014 minus
262 1977 326 2027 atque
344 1973 389 2014 aliis
404 1974 484 2014 vatibus
498 1973 608 2026 praecipue
623 1973 644 2013 in
659 1973 736 2015 deliciis
752 1987 797 2015 esse
811 1974 863 2015 vidi-

184 2060 236 2098 mus,
250 2060 291 2100 qua
305 2047 396 2100 populus
412 2051 444 2087 est
456 2060 508 2100 grex
522 2047 619 2098 Jehovae,
635 2047 783 2100 atqueJelrova
795 2047 864 2089 bonus

185 2120 253 2173 gregis
268 2120 300 2161 sui
314 2124 390 2172 pastor.
406 2143 433 2152 -
459 2118 487 2160 At
500 2120 593 2161 hostibus
608 2120 719 2172 superatis,
737 2120 816 2174 populo
830 2134 863 2161 re-

185 2193 258 2243 ducto,
278 2205 321 2233 non
335 2193 434 2245 pristinus
451 2196 530 2233 tantum
546 2193 665 2234 restituetur
680 2197 753 2243 status,
774 2194 811 2234 sed
824 2193 865 2234 iam

184 2266 336 2319 appropinquat
353 2270 443 2317 tempus,
467 2278 508 2319 quo
529 2265 667 2307 felicissimum
685 2266 774 2307 Messiae
792 2280 865 2307 aevum

185 2339 220 2379 diu
235 2342 375 2392 exspectatum
389 2338 462 2389 aderit,
480 2352 522 2392 quc
538 2339 594 2392 quod
609 2339 659 2380 deus
674 2343 806 2391 exoptaverat
820 2340 865 2381 fce-

186 2412 224 2453 dus
239 2413 319 2453 sincere
333 2411 409 2451 factum
423 2415 460 2451 est.
485 2411 591 2465 Significat
603 2412 664 2464 igitur
677 2412 780 2464 Zephania
794 2413 865 2454 foede-

184 2485 213 2525 ris
228 2484 355 2525 sanctionem
369 2485 630 2536 Deut.XXVl,18—-19:
645 2485 744 2526 Jehcvam
759 2486 820 2527 hodie
834 2486 865 2527 di-

186 2570 234 2598 cere
246 2557 320 2609 -fecisti,
335 2570 358 2598 se
373 2557 463 2599 futurum
477 2557 515 2598 tibi
529 2558 595 2610 deum,
611 2562 631 2599 et
642 2558 720 2600 Jehova
735 2559 803 2600 dicere
817 2560 865 2601 fecit

184 2634 205 2672 te
222 2630 293 2683 hodie,
312 2634 333 2671 te
348 2632 438 2672 futurum
457 2632 497 2685 ipsi
515 2631 615 2685 populum
629 2631 715 2684 peculii,
734 2636 757 2673 ut
771 2632 831 2673 faciat
844 2637 865 2674 te

185 2704 259 2747 elatum
274 2717 336 2758 super
351 2718 423 2746 omues
435 2708 515 2758 gentes,
531 2718 581 2759 quas
596 2705 650 2757 fecit,
664 2705 750 2746 laudem
757 2709 778 2746 et
788 2719 865 2747 nomen

185 2782 205 2819 et
219 2776 357 2831 splendorem.
386 2778 431 2818 dam
446 2777 507 2831 igitur
522 2792 569 2819 cum
582 2778 673 2831 populus
688 2792 711 2819 re
725 2792 774 2821 vera
789 2779 815 2820 sit
828 2780 863 2820 Je-
