1792 3089
163 156 191 196 58
406 150 449 185 cm.
461 149 488 191 11,
500 162 516 184 v.
528 147 598 186 8-11.

163 255 271 311 quominus
290 254 482 307 Hierosolymorum
498 254 580 295 moenia
594 256 724 305 construant,
743 254 842 311 impedire

163 333 264 371 conantur
277 328 330 370 Nelr.
342 328 377 379 IV,
393 329 412 368 t.
435 328 461 368 Et
475 328 512 367 hae
527 328 609 382 quidem
623 328 708 369 iniuriae
723 341 766 369 non
780 329 843 369 modo

164 418 190 445 en
203 403 283 456 vulgari
297 401 422 455 populorum
436 401 552 443 vicinorum
565 402 640 443 invidia
655 406 715 456 atque
731 401 779 442 odio
794 416 843 455 pro-

164 477 314 526 ficiscebantur,
330 475 366 516 sed
381 489 407 516 ex
422 488 484 516 causa
497 475 561 516 multo
573 476 673 529 graviore.
696 475 776 516 Etenim
788 477 845 530 quod

165 552 199 591 alii
212 551 325 603 prophetae
340 549 463 601 significant,
479 549 589 602 praecipue
603 549 677 600 Amos,
691 550 731 590 hoc
742 549 844 602 Zephania

164 625 273 678 perspicue
289 622 418 675 pronuntiat,
433 621 512 661 scilieet
527 622 611 663 crimina
625 623 714 675 gentium
730 625 844 664 exterarum

164 697 239 752 puniri,
255 696 352 751 quoniam
366 709 409 737 non
424 698 496 736 contra
510 695 612 737 Israelitas
619 696 745 737 Palaestinae
759 696 844 748 incolas,

165 773 201 813 sed
220 775 292 813 contra
306 767 408 810 Israelitas
428 769 515 810 electum
533 770 566 810 dei
582 769 691 823 populum,
710 774 770 824 atque
785 770 846 811 simul

165 849 237 887 contra
255 859 302 885 eum
321 842 452 883 revelationis
471 842 549 884 divinae
565 843 659 896 gradum,
679 857 739 897 quem
754 844 805 885 deus
819 845 845 885 ad

165 923 236 972 gentes
251 916 359 972 pervenire
373 917 498 966 decreverat,
515 916 623 957 commissa
635 920 697 957 erant.
722 916 812 957 Crimina
824 918 845 958 in

164 993 263 1033 Jelroram
278 989 404 1030 exercituum
418 992 535 1041 perpetrata
545 990 644 1029 Jehovam
659 989 732 1042 punire
748 991 844 1042 oportuit.

164 1067 191 1106 Et
205 1076 257 1117 quae
272 1063 293 1102 in
308 1062 339 1102 his
353 1061 437 1115 populis
451 1074 531 1114 poenae
546 1075 607 1102 causa
622 1062 689 1102 addita
703 1066 743 1113 est,
760 1064 845 1105 eandem

164 1135 318 1185 inPhihstaeis,
334 1133 457 1185 Cuschaeis,
471 1133 562 1188 Assyriis
578 1135 676 1176 docemur
691 1135 783 1190 quamvis
797 1150 844 1178 ver-

164 1212 196 1253 bis
211 1224 254 1252 non
271 1221 388 1262 expressam
398 1213 470 1261 ‘tamen
484 1209 567 1258 adesse;
583 1208 684 1261 judicium
698 1209 759 1263 igitur
774 1214 845 1251 contra

165 1288 235 1339 gentes
248 1296 291 1325 non
305 1283 372 1323 minus
385 1286 415 1324 est
426 1283 578 1334 theom-aticum,
594 1296 655 1337 qnam
664 1283 765 1335 judicium
774 1288 846 1341 contra

165 1358 277 1408 lsraelitas,
297 1359 318 1396 et
332 1357 388 1409 quod
402 1356 517 1397 notavimus
535 1358 561 1397 ad
579 1370 598 1398 v.
614 1356 629 1397 4
649 1356 674 1397 de
688 1357 773 1398 notione
787 1359 845 1399 vocis

165 1444 197 1484 ³3,
213 1432 234 1472 id
249 1430 309 1471 etiam
323 1429 386 1481 magis
401 1435 486 1482 apparet
500 1430 648 1470 confirmatum.
678 1429 794 1470 Inimicitiae
808 1431 845 1484 igi-

166 1511 199 1547 tur
215 1503 377 1545 Ammonitarum
396 1502 467 1555 dignae
485 1504 579 1556 profecto
598 1508 645 1543 sunt
662 1503 702 1543 Dei
720 1504 760 1556 ira,
777 1504 846 1546 multis

166 1578 265 1621 vaticiniis
280 1575 418 1629 promulgata,
434 1575 479 1616 Am.
494 1577 513 1626 Ι,
530 1575 628 1626 ‹ra-la,
644 1589 704 1629 quem
718 1590 730 1616 a
745 1577 847 1630 Zeplrania

166 1652 241 1705 respici
256 1649 375 1700 ridebimus,
390 1649 433 1690 Jer.
443 1649 517 1699 XLIX,
535 1649 569 1703 qni
584 1652 604 1695 et
617 1648 662 1701 ipse
676 1648 754 1690 Amoso
769 1650 846 1703 alludit,

167 1727 203 1778 (cl.
211 1726 329 1778 Kaeperrun
343 1722 357 1764 l.
368 1737 384 1764 c.
399 1736 445 1776 pag.
453 1722 571 1773 98-100)
586 1726 606 1762 et
615 1722 690 1764 Ezech,
697 1724 768 1775 XXV,'
778 1724 846 1766 t-r.

209 1797 347 1839 annuntiatur
362 1796 392 1837 his
409 1795 490 1837 duobus
504 1796 587 1849 populis
602 1796 691 1837 vindicta
705 1797 805 1849 deborae,
820 1799 847 1840 ita

166 1878 189 1915 ut
204 1886 285 1914 causam
299 1883 379 1923 poenae
394 1870 428 1910 vel
441 1869 522 1921 culpam
535 1874 592 1910 vates
607 1869 683 1911 indicet
697 1884 715 1910 v.
725 1872 744 1921 8,
759 1884 847 1924 poenam

166 1949 231 2002 ipsam
246 1943 348 1986 describat
362 1958 381 1986 v.
391 1946 411 1996 9,
427 1946 536 1996 utrumque
550 1943 673 1998 profundius
688 1947 783 1998 repetens
798 1959 846 1988 cau-

167 2035 210 2063 sam
223 2020 279 2061 illam
294 2018 388 2059 ostendat
402 2017 559 2066 retributionem
569 2019 650 2072 exigere
666 2033 684 2060 v.
693 2020 727 2070 10,
742 2022 847 2072 postremo

170 2094 236 2137 omnis
246 2105 325 2147 poenae
334 2092 395 2133 finem
405 2092 511 2145 significet,
527 2096 549 2134 ut
559 2092 627 2134 colant
637 2095 657 2133 et
666 2093 706 2146 ipsi
715 2093 819 2137 Jehovam.

210 2181 229 2207 v.
245 2169 265 2209 8.
288 2164 365 2206 Auctor
378 2164 477 2219 probrum
495 2165 638 2207 Moabitarum
658 2172 679 2206 ct
692 2168 784 2207 convicta
797 2167 848 2208 Ana-

166 2243 302 2289 cronicorum,
325 2253 376 2293 patae
394 2238 545 2293 exprobrarant
558 2240 634 2294 populo
652 2253 695 2281 aaran
715 2245 736 2279 et
750 2240 848 2293 fastuosa

168 2320 255 2369 egeram
273 2319 345 2355 contra
358 2302 413 2367 fines
431 2315 526 2367 r'prorron.
560 2313 662 2354 Moabitae
682 2317 702 2354 et
721 2312 849 2356 Ammonitae

169 2391 276 2444 quaestum
295 2391 315 2428 et
328 2387 409 2428 lucrum
423 2388 517 2428 fecerunt
535 2401 561 2428 ex
575 2387 648 2441 populi
665 2387 735 2428 miseri
750 2387 848 2441 cladibus,

168 2462 208 2516 ipsi
227 2474 331 2514 uunquam
349 2457 461 2502 laesisive
479 2460 579 2511 lacessiti,
601 2461 656 2501 unde
675 2460 704 2514 pii
724 2461 768 2502 sine
787 2462 849 2504 dubio

169 2549 230 2589 saepe
246 2548 317 2576 secum
331 2538 456 2588 reputarunt,
471 2537 539 2576 Deum
554 2535 638 2576 surdum
653 2535 724 2576 abesse
735 2549 774 2577 nec
783 2538 849 2590 respi-

170 2624 216 2651 cere
231 2607 362 2663 ignominiam
376 2609 458 2662 popub,
474 2609 548 2650 etenim
563 2608 613 2650 deus
625 2609 750 2661 justissimus
765 2614 849 2663 peecata

171 2683 252 2737 cognita
267 2682 331 2724 inulta
345 2682 448 2724 remittere
462 2697 505 2724 11011
514 2687 589 2738 potest.
613 2683 665 2725 Huic
674 2684 801 2738 dubitationi,
817 2685 850 2726 cui
