<?xml version="1.0" encoding="UTF-8"?>
<!DOCTYPE html PUBLIC "-//W3C//DTD XHTML 1.0 Transitional//EN"
    "http://www.w3.org/TR/xhtml1/DTD/xhtml1-transitional.dtd">
<html xmlns="http://www.w3.org/1999/xhtml" xml:lang="en" lang="en">
 <head>
  <title>
</title>
<meta http-equiv="Content-Type" content="text/html;charset=utf-8" />
  <meta name='ocr-system' content='tesseract 3.04.00' />
  <meta name='ocr-capabilities' content='ocr_page ocr_carea ocr_par ocr_line ocrx_word'/>
</head>
<body>
  <div class='ocr_page' id='page_1' title='image "MN41908ucmf_1_0108.png"; bbox 0 0 1792 3089; ppageno 0'>
   <div class='ocr_carea' id='block_1_1' title="bbox 155 150 588 197">
    <p class='ocr_par' dir='ltr' id='par_1_1' title="bbox 155 150 588 197">
     <span class='ocr_line' id='line_1_1' title="bbox 155 150 588 197; baseline -0.002 -10"><span class='ocrx_word' id='word_1_1' title='bbox 155 157 183 197; x_wconf 76' lang='lat'>54</span> <span class='ocrx_word' id='word_1_2' title='bbox 406 152 448 188; x_wconf 80' lang='lat' dir='ltr'>Cae.</span> <span class='ocrx_word' id='word_1_3' title='bbox 460 152 487 195; x_wconf 87' lang='lat' dir='ltr'>II,</span> <span class='ocrx_word' id='word_1_4' title='bbox 502 166 518 188; x_wconf 74' lang='lat' dir='ltr'>r,</span> <span class='ocrx_word' id='word_1_5' title='bbox 530 150 588 189; x_wconf 77' lang='grc'>4-7.</span> 
     </span>
    </p>
   </div>
   <div class='ocr_carea' id='block_1_2' title="bbox 157 233 889 607">
    <p class='ocr_par' dir='ltr' id='par_1_2' title="bbox 157 233 889 607">
     <span class='ocr_line' id='line_1_2' title="bbox 158 233 889 310; baseline 0.001 -12"><span class='ocrx_word' id='word_1_6' title='bbox 158 257 231 298; x_wconf 83' lang='lat' dir='ltr'>oribus</span> <span class='ocrx_word' id='word_1_7' title='bbox 245 256 332 309; x_wconf 75' lang='lat' dir='ltr'><strong>prosint.</strong></span> <span class='ocrx_word' id='word_1_8' title='bbox 361 257 466 309; x_wconf 76' lang='lat' dir='ltr'>Httaigtur</span> <span class='ocrx_word' id='word_1_9' title='bbox 484 256 545 310; x_wconf 79' lang='lat' dir='ltr'>igitur</span> <span class='ocrx_word' id='word_1_10' title='bbox 564 257 623 298; x_wconf 88' lang='lat' dir='ltr'>aliam</span> <span class='ocrx_word' id='word_1_11' title='bbox 638 269 738 310; x_wconf 85' lang='lat' dir='ltr'>quaerens</span> <span class='ocrx_word' id='word_1_12' title='bbox 752 258 841 299; x_wconf 88' lang='lat' dir='ltr'>radicem</span> <span class='ocrx_word' id='word_1_13' title='bbox 883 233 889 298; x_wconf 85' lang='lat' dir='ltr'>l</span> 
     </span>
     <span class='ocr_line' id='line_1_3' title="bbox 157 329 889 385; baseline -0.003 -14"><span class='ocrx_word' id='word_1_14' title='bbox 157 331 211 371; x_wconf 86' lang='lat' dir='ltr'>idem</span> <span class='ocrx_word' id='word_1_15' title='bbox 225 343 271 371; x_wconf 83' lang='lat' dir='ltr'>esse</span> <span class='ocrx_word' id='word_1_16' title='bbox 286 331 330 372; x_wconf 89' lang='lat' dir='ltr'>vult</span> <span class='ocrx_word' id='word_1_17' title='bbox 345 331 401 385; x_wconf 90' lang='lat' dir='ltr'>quod</span> <span class='ocrx_word' id='word_1_18' title='bbox 415 340 463 371; x_wconf 64' lang='grc'>11113</span> <span class='ocrx_word' id='word_1_19' title='bbox 478 331 512 371; x_wconf 84' lang='lat' dir='ltr'>rs.</span> <span class='ocrx_word' id='word_1_20' title='bbox 520 332 588 382; x_wconf 75' lang='lat' dir='ltr'>LXV,</span> <span class='ocrx_word' id='word_1_21' title='bbox 604 329 631 372; x_wconf 81' lang='grc'>44</span> <span class='ocrx_word' id='word_1_22' title='bbox 650 344 662 370; x_wconf 88' lang='lat' dir='ltr'>a</span> <span class='ocrx_word' id='word_1_23' title='bbox 677 341 703 369; x_wconf 72' lang='grc'>13</span> <span class='ocrx_word' id='word_1_24' title='bbox 718 331 759 372; x_wconf 85' lang='lat' dir='ltr'>Jes.</span> <span class='ocrx_word' id='word_1_25' title='bbox 769 332 841 384; x_wconf 86' lang='lat' dir='ltr'>XXX,</span> <span class='ocrx_word' id='word_1_26' title='bbox 887 357 889 369; x_wconf 55' lang='grc'>1</span> 
     </span>
     <span class='ocr_line' id='line_1_4' title="bbox 159 404 842 458; baseline 0.003 -13"><span class='ocrx_word' id='word_1_27' title='bbox 159 405 195 456; x_wconf 79' lang='lat'>23,</span> <span class='ocrx_word' id='word_1_28' title='bbox 211 404 268 458; x_wconf 88' lang='lat' dir='ltr'>quod</span> <span class='ocrx_word' id='word_1_29' title='bbox 282 404 444 446; x_wconf 70' lang='lat' dir='ltr'>terminationem</span> <span class='ocrx_word' id='word_1_30' title='bbox 458 404 504 446; x_wconf 83' lang='lat' dir='ltr'>fem</span> <span class='ocrx_word' id='word_1_31' title='bbox 517 409 607 446; x_wconf 81' lang='lat' dir='ltr'>assumat</span> <span class='ocrx_word' id='word_1_32' title='bbox 616 408 701 458; x_wconf 83' lang='lat' dir='ltr'>propter</span> <span class='ocrx_word' id='word_1_33' title='bbox 715 405 842 458; x_wconf 83' lang='lat' dir='ltr'>praecedens</span> 
     </span>
     <span class='ocr_line' id='line_1_5' title="bbox 158 478 852 539; baseline 0 -19"><span class='ocrx_word' id='word_1_34' title='bbox 158 488 204 529; x_wconf 66' lang='lat' dir='ltr'>nra,</span> <span class='ocrx_word' id='word_1_35' title='bbox 220 483 240 519; x_wconf 82' lang='lat' dir='ltr'>at</span> <span class='ocrx_word' id='word_1_36' title='bbox 253 478 325 520; x_wconf 69' lang='lat' dir='ltr'>aram.</span> <span class='ocrx_word' id='word_1_37' title='bbox 340 480 410 519; x_wconf 86' lang='lat' dir='ltr'>monet</span> <span class='ocrx_word' id='word_1_38' title='bbox 425 481 468 518; x_wconf 88' lang='lat' dir='ltr'>tum</span> <span class='ocrx_word' id='word_1_39' title='bbox 482 479 504 518; x_wconf 92' lang='lat' dir='ltr'>in</span> <span class='ocrx_word' id='word_1_40' title='bbox 524 483 569 519; x_wconf 86' lang='lat' dir='ltr'>stat.</span> <span class='ocrx_word' id='word_1_41' title='bbox 583 482 658 519; x_wconf 88' lang='lat' dir='ltr'>constr.</span> <span class='ocrx_word' id='word_1_42' title='bbox 674 489 726 539; x_wconf 55' lang='lat' dir='ltr'>arip</span> <span class='ocrx_word' id='word_1_43' title='bbox 741 493 787 521; x_wconf 91' lang='lat' dir='ltr'>cum</span> <span class='ocrx_word' id='word_1_44' title='bbox 802 480 852 520; x_wconf 76' lang='lat' dir='ltr'>Ka·-</span> 
     </span>
     <span class='ocr_line' id='line_1_6' title="bbox 158 551 845 607; baseline 0.003 -16"><span class='ocrx_word' id='word_1_45' title='bbox 158 564 204 592; x_wconf 85' lang='lat' dir='ltr'>mez</span> <span class='ocrx_word' id='word_1_46' title='bbox 218 552 336 593; x_wconf 85' lang='lat' dir='ltr'>necessario</span> <span class='ocrx_word' id='word_1_47' title='bbox 350 551 481 593; x_wconf 86' lang='lat' dir='ltr'>scribendum</span> <span class='ocrx_word' id='word_1_48' title='bbox 495 552 566 603; x_wconf 81' lang='lat' dir='ltr'>fuisse,</span> <span class='ocrx_word' id='word_1_49' title='bbox 582 552 655 592; x_wconf 82' lang='lat' dir='ltr'>deinde</span> <span class='ocrx_word' id='word_1_50' title='bbox 669 551 703 593; x_wconf 79' lang='lat' dir='ltr'>rel</span> <span class='ocrx_word' id='word_1_51' title='bbox 718 567 743 594; x_wconf 89' lang='lat' dir='ltr'>ex</span> <span class='ocrx_word' id='word_1_52' title='bbox 754 555 845 607; x_wconf 71' lang='lat' dir='ltr'>Hitm&#39;grt&#39;</span> 
     </span>
    </p>
   </div>
   <div class='ocr_carea' id='block_1_3' title="bbox 159 625 844 753">
    <p class='ocr_par' dir='ltr' id='par_1_3' title="bbox 159 625 844 753">
     <span class='ocr_line' id='line_1_7' title="bbox 159 625 843 679; baseline 0.004 -14"><span class='ocrx_word' id='word_1_53' title='bbox 159 625 313 666; x_wconf 84' lang='lat' dir='ltr'>constructione</span> <span class='ocrx_word' id='word_1_54' title='bbox 327 626 395 667; x_wconf 85' lang='lat' dir='ltr'>mirms</span> <span class='ocrx_word' id='word_1_55' title='bbox 410 629 517 676; x_wconf 84' lang='lat' dir='ltr'>accurata,</span> <span class='ocrx_word' id='word_1_56' title='bbox 537 629 595 679; x_wconf 87' lang='lat' dir='ltr'>prata</span> <span class='ocrx_word' id='word_1_57' title='bbox 613 630 719 679; x_wconf 86' lang='lat' dir='ltr'>pastorum</span> <span class='ocrx_word' id='word_1_58' title='bbox 739 631 759 668; x_wconf 83' lang='lat' dir='ltr'>et</span> <span class='ocrx_word' id='word_1_59' title='bbox 773 627 843 668; x_wconf 88' lang='lat' dir='ltr'>caulae</span> 
     </span>
     <span class='ocr_line' id='line_1_8' title="bbox 160 699 844 753; baseline 0.003 -14"><span class='ocrx_word' id='word_1_60' title='bbox 160 699 229 740; x_wconf 82' lang='lat' dir='ltr'>ouium</span> <span class='ocrx_word' id='word_1_61' title='bbox 244 700 349 753; x_wconf 89' lang='lat' dir='ltr'>quomodo</span> <span class='ocrx_word' id='word_1_62' title='bbox 365 699 461 753; x_wconf 84' lang='lat' dir='ltr'>opposita</span> <span class='ocrx_word' id='word_1_63' title='bbox 476 699 523 749; x_wconf 84' lang='lat' dir='ltr'>sint,</span> <span class='ocrx_word' id='word_1_64' title='bbox 539 700 574 741; x_wconf 84' lang='lat' dir='ltr'>vix</span> <span class='ocrx_word' id='word_1_65' title='bbox 588 704 678 753; x_wconf 84' lang='lat' dir='ltr'>apparet.</span> <span class='ocrx_word' id='word_1_66' title='bbox 700 701 796 742; x_wconf 75' lang='lat' dir='ltr'>Ernalrlus</span> <span class='ocrx_word' id='word_1_67' title='bbox 808 702 844 741; x_wconf 90' lang='lat' dir='ltr'>de-</span> 
     </span>
    </p>
   </div>
   <div class='ocr_carea' id='block_1_4' title="bbox 626 764 637 780">
    <p class='ocr_par' dir='ltr' id='par_1_4' title="bbox 626 764 637 780">
     <span class='ocr_line' id='line_1_9' title="bbox 626 764 637 780; baseline 0 0"><span class='ocrx_word' id='word_1_68' title='bbox 626 764 637 780; x_wconf 75' lang='lat' dir='ltr'>s</span> 
     </span>
    </p>
   </div>
   <div class='ocr_carea' id='block_1_5' title="bbox 159 772 843 854">
    <p class='ocr_par' dir='ltr' id='par_1_5' title="bbox 159 772 843 854">
     <span class='ocr_line' id='line_1_10' title="bbox 159 772 843 854; baseline 0.003 -24"><span class='ocrx_word' id='word_1_69' title='bbox 159 803 201 830; x_wconf 93' lang='lat' dir='ltr'>nuo</span> <span class='ocrx_word' id='word_1_70' title='bbox 225 790 251 830; x_wconf 89' lang='lat' dir='ltr'>ad</span> <span class='ocrx_word' id='word_1_71' title='bbox 268 789 358 831; x_wconf 84' lang='lat' dir='ltr'>radicem</span> <span class='ocrx_word' id='word_1_72' title='bbox 380 789 487 831; x_wconf 81' lang='lat' dir='ltr'><strong>Arabicam</strong></span> <span class='ocrx_word' id='word_1_73' title='bbox 510 791 602 844; x_wconf 75' lang='lat' dir='ltr'>confugit</span> <span class='ocrx_word' id='word_1_74' title='bbox 617 772 659 854; x_wconf 33' lang='lat'><em>2³5⁰&gt;</em></span> <span class='ocrx_word' id='word_1_75' title='bbox 677 790 748 832; x_wconf 90' lang='lat' dir='ltr'>nidum</span> <span class='ocrx_word' id='word_1_76' title='bbox 769 790 843 843; x_wconf 80' lang='lat' dir='ltr'>avium,</span> 
     </span>
    </p>
   </div>
   <div class='ocr_carea' id='block_1_6' title="bbox 158 874 868 2695">
    <p class='ocr_par' dir='ltr' id='par_1_6' title="bbox 159 874 868 2108">
     <span class='ocr_line' id='line_1_11' title="bbox 159 874 844 933; baseline 0 -18"><span class='ocrx_word' id='word_1_77' title='bbox 159 875 207 916; x_wconf 87' lang='lat' dir='ltr'>inde</span> <span class='ocrx_word' id='word_1_78' title='bbox 225 885 260 915; x_wconf 68' lang='lat' dir='ltr'>am</span> <span class='ocrx_word' id='word_1_79' title='bbox 280 879 300 916; x_wconf 84' lang='lat' dir='ltr'>et</span> <span class='ocrx_word' id='word_1_80' title='bbox 319 884 362 933; x_wconf 57' lang='lat' dir='ltr'>aa]</span> <span class='ocrx_word' id='word_1_81' title='bbox 384 888 429 916; x_wconf 83' lang='lat' dir='ltr'>esse</span> <span class='ocrx_word' id='word_1_82' title='bbox 449 874 535 916; x_wconf 79' lang='lat' dir='ltr'>mobiles</span> <span class='ocrx_word' id='word_1_83' title='bbox 556 879 663 928; x_wconf 84' lang='lat' dir='ltr'>pastorum</span> <span class='ocrx_word' id='word_1_84' title='bbox 686 876 769 926; x_wconf 86' lang='lat' dir='ltr'>domos,</span> <span class='ocrx_word' id='word_1_85' title='bbox 792 889 844 930; x_wconf 87' lang='lat' dir='ltr'>quac</span> 
     </span>
     <span class='ocr_line' id='line_1_12' title="bbox 163 948 868 1002; baseline 0.001 -13"><span class='ocrx_word' id='word_1_86' title='bbox 163 948 226 990; x_wconf 84' lang='lat' dir='ltr'>caulis</span> <span class='ocrx_word' id='word_1_87' title='bbox 241 949 309 990; x_wconf 76' lang='lat' dir='ltr'>arium</span> <span class='ocrx_word' id='word_1_88' title='bbox 324 952 464 1001; x_wconf 84' lang='lat' dir='ltr'>opponantur;</span> <span class='ocrx_word' id='word_1_89' title='bbox 480 961 552 989; x_wconf 85' lang='lat' dir='ltr'>sensus</span> <span class='ocrx_word' id='word_1_90' title='bbox 569 949 587 989; x_wconf 87' lang='lat' dir='ltr'>ei</span> <span class='ocrx_word' id='word_1_91' title='bbox 602 949 718 1002; x_wconf 83' lang='lat' dir='ltr'>aptissimus</span> <span class='ocrx_word' id='word_1_92' title='bbox 733 949 780 989; x_wconf 88' lang='lat' dir='ltr'>inde</span> <span class='ocrx_word' id='word_1_93' title='bbox 795 963 844 1002; x_wconf 88' lang='lat' dir='ltr'>pro·</span> <span class='ocrx_word' id='word_1_94' title='bbox 865 971 868 976; x_wconf 93' lang='lat'><em>·</em></span> 
     </span>
     <span class='ocr_line' id='line_1_13' title="bbox 161 1021 845 1074; baseline 0 -12"><span class='ocrx_word' id='word_1_95' title='bbox 161 1021 208 1072; x_wconf 85' lang='lat' dir='ltr'>diit,</span> <span class='ocrx_word' id='word_1_96' title='bbox 232 1021 269 1062; x_wconf 87' lang='lat' dir='ltr'>sed</span> <span class='ocrx_word' id='word_1_97' title='bbox 287 1021 346 1062; x_wconf 82' lang='lat' dir='ltr'>uocis</span> <span class='ocrx_word' id='word_1_98' title='bbox 367 1021 486 1073; x_wconf 71' lang='lat' dir='ltr'>explicatio,</span> <span class='ocrx_word' id='word_1_99' title='bbox 508 1021 542 1061; x_wconf 80' lang='lat' dir='ltr'>uel</span> <span class='ocrx_word' id='word_1_100' title='bbox 560 1021 618 1062; x_wconf 86' lang='lat' dir='ltr'>radix</span> <span class='ocrx_word' id='word_1_101' title='bbox 635 1022 680 1074; x_wconf 87' lang='lat' dir='ltr'>ipsa</span> <span class='ocrx_word' id='word_1_102' title='bbox 698 1022 744 1062; x_wconf 91' lang='lat' dir='ltr'>usui</span> <span class='ocrx_word' id='word_1_103' title='bbox 764 1021 845 1074; x_wconf 81' lang='lat' dir='ltr'>linguae</span> 
     </span>
     <span class='ocr_line' id='line_1_14' title="bbox 160 1093 845 1151; baseline 0 -16"><span class='ocrx_word' id='word_1_104' title='bbox 160 1094 272 1135; x_wconf 85' lang='lat' dir='ltr'>Hebraicae</span> <span class='ocrx_word' id='word_1_105' title='bbox 292 1093 363 1134; x_wconf 86' lang='lat' dir='ltr'>aliena.</span> <span class='ocrx_word' id='word_1_106' title='bbox 393 1094 443 1134; x_wconf 83' lang='lat' dir='ltr'>Veri</span> <span class='ocrx_word' id='word_1_107' title='bbox 462 1093 563 1135; x_wconf 89' lang='lat' dir='ltr'>simillima</span> <span class='ocrx_word' id='word_1_108' title='bbox 582 1098 613 1136; x_wconf 87' lang='lat' dir='ltr'>est</span> <span class='ocrx_word' id='word_1_109' title='bbox 633 1098 724 1136; x_wconf 85' lang='lat' dir='ltr'>veterum</span> <span class='ocrx_word' id='word_1_110' title='bbox 739 1095 845 1151; x_wconf 64' lang='lat' dir='ltr'>sententia,</span> 
     </span>
     <span class='ocr_line' id='line_1_15' title="bbox 160 1165 846 1221; baseline 0.004 -14"><span class='ocrx_word' id='word_1_111' title='bbox 160 1168 221 1208; x_wconf 87' lang='lat' dir='ltr'>etiam</span> <span class='ocrx_word' id='word_1_112' title='bbox 241 1165 329 1208; x_wconf 80' lang='lat' dir='ltr'>Coellm&#39;c</span> <span class='ocrx_word' id='word_1_113' title='bbox 348 1170 368 1207; x_wconf 89' lang='lat' dir='ltr'>et</span> <span class='ocrx_word' id='word_1_114' title='bbox 386 1167 480 1208; x_wconf 78' lang='lat' dir='ltr'>Romam.</span> <span class='ocrx_word' id='word_1_115' title='bbox 497 1171 591 1221; x_wconf 73' lang='lat' dir='ltr'>accepta,</span> <span class='ocrx_word' id='word_1_116' title='bbox 612 1179 652 1211; x_wconf 68' lang='grc'>1113</span> <span class='ocrx_word' id='word_1_117' title='bbox 673 1181 718 1209; x_wconf 85' lang='lat' dir='ltr'>esse</span> <span class='ocrx_word' id='word_1_118' title='bbox 735 1168 791 1209; x_wconf 84' lang='lat' dir='ltr'>intin.</span> <span class='ocrx_word' id='word_1_119' title='bbox 806 1182 846 1210; x_wconf 90' lang='lat' dir='ltr'>no-</span> 
     </span>
     <span class='ocr_line' id='line_1_16' title="bbox 159 1240 843 1294; baseline 0.001 -13"><span class='ocrx_word' id='word_1_120' title='bbox 159 1241 314 1293; x_wconf 81' lang='lat' dir='ltr'>minascentem,</span> <span class='ocrx_word' id='word_1_121' title='bbox 334 1241 392 1281; x_wconf 87' lang='lat' dir='ltr'>cuius</span> <span class='ocrx_word' id='word_1_122' title='bbox 408 1240 500 1294; x_wconf 85' lang='lat' dir='ltr'>exempla</span> <span class='ocrx_word' id='word_1_123' title='bbox 515 1241 574 1282; x_wconf 87' lang='lat' dir='ltr'>affert</span> <span class='ocrx_word' id='word_1_124' title='bbox 587 1241 684 1283; x_wconf 77' lang='lat' dir='ltr'>Eruulrbrr</span> <span class='ocrx_word' id='word_1_125' title='bbox 699 1253 781 1294; x_wconf 81' lang='lat' dir='ltr'>gramm.</span> <span class='ocrx_word' id='word_1_126' title='bbox 795 1241 843 1282; x_wconf 89' lang='lat' dir='ltr'>min.</span> 
     </span>
     <span class='ocr_line' id='line_1_17' title="bbox 159 1314 846 1368; baseline 0.003 -14"><span class='ocrx_word' id='word_1_127' title='bbox 159 1328 205 1368; x_wconf 79' lang='lat' dir='ltr'>pag.</span> <span class='ocrx_word' id='word_1_128' title='bbox 216 1315 264 1356; x_wconf 82' lang='lat'>221.</span> <span class='ocrx_word' id='word_1_129' title='bbox 287 1323 329 1354; x_wconf 64' lang='lat' dir='ltr'>tran</span> <span class='ocrx_word' id='word_1_130' title='bbox 344 1318 411 1355; x_wconf 83' lang='lat' dir='ltr'>aritem</span> <span class='ocrx_word' id='word_1_131' title='bbox 423 1328 466 1355; x_wconf 90' lang='lat' dir='ltr'>non</span> <span class='ocrx_word' id='word_1_132' title='bbox 480 1314 543 1355; x_wconf 92' lang='lat' dir='ltr'>modo</span> <span class='ocrx_word' id='word_1_133' title='bbox 560 1315 585 1355; x_wconf 83' lang='lat' dir='ltr'>de</span> <span class='ocrx_word' id='word_1_134' title='bbox 600 1316 668 1368; x_wconf 87' lang='lat' dir='ltr'>puteis</span> <span class='ocrx_word' id='word_1_135' title='bbox 680 1315 800 1356; x_wconf 85' lang='lat' dir='ltr'>effodiendis</span> <span class='ocrx_word' id='word_1_136' title='bbox 811 1329 846 1356; x_wconf 82' lang='lat' dir='ltr'>ue-</span> 
     </span>
     <span class='ocr_line' id='line_1_18' title="bbox 160 1387 845 1443; baseline 0 -15"><span class='ocrx_word' id='word_1_137' title='bbox 160 1402 206 1430; x_wconf 88' lang='lat' dir='ltr'>rum</span> <span class='ocrx_word' id='word_1_138' title='bbox 221 1389 280 1429; x_wconf 88' lang='lat' dir='ltr'>etiam</span> <span class='ocrx_word' id='word_1_139' title='bbox 296 1388 321 1428; x_wconf 87' lang='lat' dir='ltr'>de</span> <span class='ocrx_word' id='word_1_140' title='bbox 336 1387 401 1429; x_wconf 83' lang='lat' dir='ltr'>foveis</span> <span class='ocrx_word' id='word_1_141' title='bbox 415 1387 455 1428; x_wconf 88' lang='lat' dir='ltr'>Job</span> <span class='ocrx_word' id='word_1_142' title='bbox 470 1388 507 1439; x_wconf 75' lang='lat' dir='ltr'>Vl,</span> <span class='ocrx_word' id='word_1_143' title='bbox 522 1389 549 1428; x_wconf 78' lang='lat'>27</span> <span class='ocrx_word' id='word_1_144' title='bbox 564 1388 683 1443; x_wconf 84' lang='lat' dir='ltr'>insidiisque</span> <span class='ocrx_word' id='word_1_145' title='bbox 697 1387 799 1430; x_wconf 73' lang='lat' dir='ltr'>struendis</span> <span class='ocrx_word' id='word_1_146' title='bbox 815 1388 845 1428; x_wconf 89' lang='lat' dir='ltr'>di-</span> 
     </span>
     <span class='ocr_line' id='line_1_19' title="bbox 161 1459 846 1516; baseline 0 -13"><span class='ocrx_word' id='word_1_147' title='bbox 161 1459 225 1514; x_wconf 82' lang='lat' dir='ltr'>citur,</span> <span class='ocrx_word' id='word_1_148' title='bbox 245 1474 308 1516; x_wconf 87' lang='lat' dir='ltr'>qnare</span> <span class='ocrx_word' id='word_1_149' title='bbox 328 1461 422 1502; x_wconf 82' lang='lat' dir='ltr'>effodisse</span> <span class='ocrx_word' id='word_1_150' title='bbox 437 1461 579 1512; x_wconf 63' lang='lat' dir='ltr'>{existimamus</span> <span class='ocrx_word' id='word_1_151' title='bbox 594 1465 688 1514; x_wconf 82' lang='lat' dir='ltr'>pastores</span> <span class='ocrx_word' id='word_1_152' title='bbox 703 1461 806 1515; x_wconf 83' lang='lat' dir='ltr'>tuguriola</span> <span class='ocrx_word' id='word_1_153' title='bbox 826 1465 846 1503; x_wconf 87' lang='lat' dir='ltr'>et</span> 
     </span>
     <span class='ocr_line' id='line_1_20' title="bbox 162 1534 846 1587; baseline 0 -12"><span class='ocrx_word' id='word_1_154' title='bbox 162 1548 219 1577; x_wconf 86' lang='lat' dir='ltr'>casas</span> <span class='ocrx_word' id='word_1_155' title='bbox 238 1535 392 1586; x_wconf 84' lang='lat' dir='ltr'>subterraneas,</span> <span class='ocrx_word' id='word_1_156' title='bbox 415 1534 451 1575; x_wconf 90' lang='lat' dir='ltr'>ubi</span> <span class='ocrx_word' id='word_1_157' title='bbox 469 1538 541 1576; x_wconf 82' lang='lat' dir='ltr'>cont-ra</span> <span class='ocrx_word' id='word_1_158' title='bbox 563 1534 613 1576; x_wconf 84' lang='lat' dir='ltr'>solis</span> <span class='ocrx_word' id='word_1_159' title='bbox 635 1539 713 1576; x_wconf 87' lang='lat' dir='ltr'>aestum</span> <span class='ocrx_word' id='word_1_160' title='bbox 733 1547 755 1575; x_wconf 86' lang='lat' dir='ltr'>se</span> <span class='ocrx_word' id='word_1_161' title='bbox 776 1538 846 1587; x_wconf 85' lang='lat' dir='ltr'>tegunt</span> 
     </span>
     <span class='ocr_line' id='line_1_21' title="bbox 162 1607 846 1658; baseline 0 -9"><span class='ocrx_word' id='word_1_162' title='bbox 162 1610 187 1650; x_wconf 85' lang='lat' dir='ltr'>ef.</span> <span class='ocrx_word' id='word_1_163' title='bbox 203 1607 303 1650; x_wconf 78' lang='lat' dir='ltr'>Boctartr&#39;</span> <span class='ocrx_word' id='word_1_164' title='bbox 315 1608 422 1649; x_wconf 75' lang='lat' dir='ltr'>Hieronl.</span> <span class='ocrx_word' id='word_1_165' title='bbox 438 1609 467 1658; x_wconf 87' lang='grc' dir='ltr'>ΙΙ,</span> <span class='ocrx_word' id='word_1_166' title='bbox 488 1609 521 1648; x_wconf 90' lang='grc'>44.</span> <span class='ocrx_word' id='word_1_167' title='bbox 551 1609 582 1649; x_wconf 86' lang='lat' dir='ltr'>Ita</span> <span class='ocrx_word' id='word_1_168' title='bbox 595 1609 692 1650; x_wconf 79' lang='lat' dir='ltr'>Hr&#39;erora:</span> <span class='ocrx_word' id='word_1_169' title='bbox 713 1608 752 1648; x_wconf 85' lang='lat' dir='ltr'>erit</span> <span class='ocrx_word' id='word_1_170' title='bbox 766 1608 846 1649; x_wconf 78' lang='lat' dir='ltr'>turricu-</span> 
     </span>
     <span class='ocr_line' id='line_1_22' title="bbox 162 1681 846 1737; baseline 0 -15"><span class='ocrx_word' id='word_1_171' title='bbox 162 1683 194 1724; x_wconf 85' lang='lat' dir='ltr'>lus</span> <span class='ocrx_word' id='word_1_172' title='bbox 217 1682 279 1723; x_wconf 85' lang='lat' dir='ltr'>maris</span> <span class='ocrx_word' id='word_1_173' title='bbox 302 1681 385 1736; x_wconf 85' lang='lat' dir='ltr'>requies</span> <span class='ocrx_word' id='word_1_174' title='bbox 403 1685 509 1735; x_wconf 79' lang='lat' dir='ltr'>pastorum</span> <span class='ocrx_word' id='word_1_175' title='bbox 529 1686 549 1722; x_wconf 85' lang='lat' dir='ltr'>et</span> <span class='ocrx_word' id='word_1_176' title='bbox 567 1682 637 1723; x_wconf 89' lang='lat' dir='ltr'>caulae</span> <span class='ocrx_word' id='word_1_177' title='bbox 655 1695 764 1735; x_wconf 84' lang='lat' dir='ltr'>pecorum,</span> <span class='ocrx_word' id='word_1_178' title='bbox 785 1685 846 1737; x_wconf 85' lang='lat' dir='ltr'>atque</span> 
     </span>
     <span class='ocr_line' id='line_1_23' title="bbox 163 1752 847 1809; baseline 0 -12"><span class='ocrx_word' id='word_1_179' title='bbox 163 1755 232 1798; x_wconf 74' lang='lat' dir='ltr'>Chald.</span> <span class='ocrx_word' id='word_1_180' title='bbox 247 1765 290 1806; x_wconf 68' lang='lat' dir='ltr'>pua</span> <span class='ocrx_word' id='word_1_181' title='bbox 307 1752 371 1794; x_wconf 63' lang='lat' dir='ltr'>mmm</span> <span class='ocrx_word' id='word_1_182' title='bbox 391 1767 425 1795; x_wconf 74' lang='lat' dir='ltr'>m:</span> <span class='ocrx_word' id='word_1_183' title='bbox 445 1756 504 1807; x_wconf 86' lang='lat' dir='ltr'>locus</span> <span class='ocrx_word' id='word_1_184' title='bbox 522 1756 633 1797; x_wconf 86' lang='lat' dir='ltr'>mansionis</span> <span class='ocrx_word' id='word_1_185' title='bbox 651 1760 764 1809; x_wconf 83' lang='lat' dir='ltr'>pastorum.</span> <span class='ocrx_word' id='word_1_186' title='bbox 794 1756 847 1797; x_wconf 85' lang='lat' dir='ltr'>For-</span> 
     </span>
     <span class='ocr_line' id='line_1_24' title="bbox 161 1828 845 1882; baseline 0 -12"><span class='ocrx_word' id='word_1_187' title='bbox 161 1843 215 1870; x_wconf 91' lang='lat' dir='ltr'>mam</span> <span class='ocrx_word' id='word_1_188' title='bbox 234 1839 275 1870; x_wconf 66' lang='lat' dir='ltr'>ron</span> <span class='ocrx_word' id='word_1_189' title='bbox 297 1829 344 1869; x_wconf 88' lang='lat' dir='ltr'>ideo</span> <span class='ocrx_word' id='word_1_190' title='bbox 365 1829 449 1870; x_wconf 86' lang='lat' dir='ltr'>electam</span> <span class='ocrx_word' id='word_1_191' title='bbox 469 1843 515 1871; x_wconf 86' lang='lat' dir='ltr'>esse</span> <span class='ocrx_word' id='word_1_192' title='bbox 534 1828 593 1870; x_wconf 82' lang='lat' dir='ltr'>facile</span> <span class='ocrx_word' id='word_1_193' title='bbox 611 1829 672 1869; x_wconf 88' lang='lat' dir='ltr'>nobis</span> <span class='ocrx_word' id='word_1_194' title='bbox 691 1829 845 1882; x_wconf 78' lang='lat' dir='ltr'>persuademus,</span> 
     </span>
     <span class='ocr_line' id='line_1_25' title="bbox 163 1903 846 1958; baseline 0.003 -15"><span class='ocrx_word' id='word_1_195' title='bbox 163 1904 219 1958; x_wconf 86' lang='lat' dir='ltr'>quod</span> <span class='ocrx_word' id='word_1_196' title='bbox 233 1904 377 1957; x_wconf 80' lang='lat' dir='ltr'>paronomasia</span> <span class='ocrx_word' id='word_1_197' title='bbox 392 1903 458 1944; x_wconf 87' lang='lat' dir='ltr'>oritur</span> <span class='ocrx_word' id='word_1_198' title='bbox 473 1918 519 1944; x_wconf 89' lang='lat' dir='ltr'>cum</span> <span class='ocrx_word' id='word_1_199' title='bbox 533 1916 586 1945; x_wconf 79' lang='lat' dir='ltr'>uoce</span> <span class='ocrx_word' id='word_1_200' title='bbox 601 1913 675 1953; x_wconf 63' lang='lat' dir='ltr'>rnna:&gt;</span> <span class='ocrx_word' id='word_1_201' title='bbox 698 1917 761 1957; x_wconf 84' lang='lat' dir='ltr'>quum</span> <span class='ocrx_word' id='word_1_202' title='bbox 777 1906 846 1945; x_wconf 86' lang='lat' dir='ltr'>extor-</span> 
     </span>
     <span class='ocr_line' id='line_1_26' title="bbox 161 1976 847 2031; baseline 0.001 -13"><span class='ocrx_word' id='word_1_203' title='bbox 161 1976 218 2018; x_wconf 85' lang='lat' dir='ltr'>ribus</span> <span class='ocrx_word' id='word_1_204' title='bbox 240 1977 280 2018; x_wconf 90' lang='lat' dir='ltr'>illis</span> <span class='ocrx_word' id='word_1_205' title='bbox 303 1978 404 2031; x_wconf 87' lang='lat' dir='ltr'>simulque</span> <span class='ocrx_word' id='word_1_206' title='bbox 426 1977 555 2019; x_wconf 78' lang='lat' dir='ltr'>excisoribus</span> <span class='ocrx_word' id='word_1_207' title='bbox 575 1976 649 2018; x_wconf 82' lang='lat' dir='ltr'>excisis</span> <span class='ocrx_word' id='word_1_208' title='bbox 669 1977 789 2018; x_wconf 71' lang='lat' dir='ltr'>excidantur</span> <span class='ocrx_word' id='word_1_209' title='bbox 804 1979 847 2030; x_wconf 88' lang='lat' dir='ltr'>jam</span> 
     </span>
     <span class='ocr_line' id='line_1_27' title="bbox 162 2051 666 2108; baseline 0 -16"><span class='ocrx_word' id='word_1_210' title='bbox 162 2051 265 2108; x_wconf 80' lang='lat' dir='ltr'>tuguriola</span> <span class='ocrx_word' id='word_1_211' title='bbox 280 2065 305 2091; x_wconf 89' lang='lat' dir='ltr'>ex</span> <span class='ocrx_word' id='word_1_212' title='bbox 319 2055 385 2092; x_wconf 83' lang='lat' dir='ltr'>terrae</span> <span class='ocrx_word' id='word_1_213' title='bbox 400 2051 453 2092; x_wconf 90' lang='lat' dir='ltr'>solo.</span> <span class='ocrx_word' id='word_1_214' title='bbox 663 2055 666 2060; x_wconf 90' lang='lat'>&#39;</span> 
     </span>
    </p>

    <p class='ocr_par' dir='ltr' id='par_1_7' title="bbox 158 2124 849 2695">
     <span class='ocr_line' id='line_1_28' title="bbox 205 2124 840 2182; baseline 0.003 -19"><span class='ocrx_word' id='word_1_215' title='bbox 205 2138 224 2165; x_wconf 85' lang='lat' dir='ltr'>u.</span> <span class='ocrx_word' id='word_1_216' title='bbox 240 2126 259 2164; x_wconf 85' lang='lat'>7.</span> <span class='ocrx_word' id='word_1_217' title='bbox 282 2125 312 2164; x_wconf 80' lang='lat' dir='ltr'>Et</span> <span class='ocrx_word' id='word_1_218' title='bbox 329 2127 369 2165; x_wconf 77' lang='lat' dir='ltr'>erit</span> <span class='ocrx_word' id='word_1_219' title='bbox 389 2131 467 2166; x_wconf 76' lang='lat' dir='ltr'>tractus</span> <span class='ocrx_word' id='word_1_220' title='bbox 484 2126 574 2179; x_wconf 76' lang='lat' dir='ltr'>reliquiis</span> <span class='ocrx_word' id='word_1_221' title='bbox 592 2127 663 2182; x_wconf 68' lang='lat' dir='ltr'>{lentas</span> <span class='ocrx_word' id='word_1_222' title='bbox 682 2124 762 2175; x_wconf 70' lang='lat' dir='ltr'>Jmlna,</span> <span class='ocrx_word' id='word_1_223' title='bbox 783 2127 805 2165; x_wconf 79' lang='lat' dir='ltr'>in</span> <span class='ocrx_word' id='word_1_224' title='bbox 822 2128 840 2166; x_wconf 81' lang='lat'>2&#39;2&#39;</span> 
     </span>
     <span class='ocr_line' id='line_1_29' title="bbox 158 2198 848 2253; baseline 0 -13"><span class='ocrx_word' id='word_1_225' title='bbox 158 2203 281 2253; x_wconf 57' lang='lat' dir='ltr'>parcentum</span> <span class='ocrx_word' id='word_1_226' title='bbox 295 2200 319 2239; x_wconf 78' lang='lat' dir='ltr'>in</span> <span class='ocrx_word' id='word_1_227' title='bbox 333 2198 423 2240; x_wconf 76' lang='lat' dir='ltr'>domabas</span> <span class='ocrx_word' id='word_1_228' title='bbox 435 2198 543 2240; x_wconf 73' lang='lat' dir='ltr'>Art-alonte</span> <span class='ocrx_word' id='word_1_229' title='bbox 556 2212 635 2253; x_wconf 64' lang='lat' dir='ltr'>tremere</span> <span class='ocrx_word' id='word_1_230' title='bbox 649 2198 784 2249; x_wconf 71' lang='lat' dir='ltr'>recubabant,</span> <span class='ocrx_word' id='word_1_231' title='bbox 799 2201 848 2252; x_wconf 75' lang='lat' dir='ltr'>quic</span> 
     </span>
     <span class='ocr_line' id='line_1_30' title="bbox 162 2268 848 2326; baseline 0 -13"><span class='ocrx_word' id='word_1_232' title='bbox 162 2272 252 2314; x_wconf 76' lang='lat' dir='ltr'>visitabit</span> <span class='ocrx_word' id='word_1_233' title='bbox 271 2284 303 2313; x_wconf 80' lang='lat' dir='ltr'>eor</span> <span class='ocrx_word' id='word_1_234' title='bbox 317 2271 397 2316; x_wconf 68' lang='grc' dir='ltr'>ι14114411</span> <span class='ocrx_word' id='word_1_235' title='bbox 411 2273 460 2314; x_wconf 72' lang='lat' dir='ltr'>clercs</span> <span class='ocrx_word' id='word_1_236' title='bbox 473 2275 563 2325; x_wconf 77' lang='lat' dir='ltr'>ipsorum</span> <span class='ocrx_word' id='word_1_237' title='bbox 578 2278 598 2313; x_wconf 80' lang='lat' dir='ltr'>et</span> <span class='ocrx_word' id='word_1_238' title='bbox 612 2277 726 2313; x_wconf 72' lang='lat' dir='ltr'>revertetur</span> <span class='ocrx_word' id='word_1_239' title='bbox 740 2272 769 2313; x_wconf 76' lang='lat' dir='ltr'>acl</span> <span class='ocrx_word' id='word_1_240' title='bbox 782 2268 848 2326; x_wconf 71' lang='lat' dir='ltr'>capti-</span> 
     </span>
     <span class='ocr_line' id='line_1_31' title="bbox 163 2342 847 2400; baseline 0 -13"><span class='ocrx_word' id='word_1_241' title='bbox 163 2348 248 2387; x_wconf 75' lang='lat' dir='ltr'>vitatem</span> <span class='ocrx_word' id='word_1_242' title='bbox 263 2359 339 2387; x_wconf 82' lang='lat' dir='ltr'>eorum.</span> <span class='ocrx_word' id='word_1_243' title='bbox 369 2342 401 2387; x_wconf 76' lang='lat' dir='ltr'>Ex</span> <span class='ocrx_word' id='word_1_244' title='bbox 415 2360 483 2400; x_wconf 89' lang='lat' dir='ltr'>poena</span> <span class='ocrx_word' id='word_1_245' title='bbox 496 2348 535 2386; x_wconf 86' lang='lat' dir='ltr'>hac</span> <span class='ocrx_word' id='word_1_246' title='bbox 548 2346 663 2387; x_wconf 84' lang='lat' dir='ltr'>Philistaeis</span> <span class='ocrx_word' id='word_1_247' title='bbox 678 2345 794 2395; x_wconf 81' lang='lat' dir='ltr'>inferenda,</span> <span class='ocrx_word' id='word_1_248' title='bbox 809 2346 847 2387; x_wconf 82' lang='lat' dir='ltr'>im-</span> 
     </span>
     <span class='ocr_line' id='line_1_32' title="bbox 163 2418 847 2474; baseline 0.003 -15"><span class='ocrx_word' id='word_1_249' title='bbox 163 2420 225 2474; x_wconf 85' lang='lat' dir='ltr'>probi</span> <span class='ocrx_word' id='word_1_250' title='bbox 243 2419 316 2472; x_wconf 89' lang='lat' dir='ltr'>populi</span> <span class='ocrx_word' id='word_1_251' title='bbox 330 2420 410 2461; x_wconf 80' lang='lat' dir='ltr'>Judaici</span> <span class='ocrx_word' id='word_1_252' title='bbox 429 2421 484 2461; x_wconf 85' lang='lat' dir='ltr'>eires</span> <span class='ocrx_word' id='word_1_253' title='bbox 503 2421 583 2467; x_wconf 81' lang='lat' dir='ltr'>futurae</span> <span class='ocrx_word' id='word_1_254' title='bbox 604 2433 652 2460; x_wconf 86' lang='lat' dir='ltr'>snae</span> <span class='ocrx_word' id='word_1_255' title='bbox 672 2418 791 2460; x_wconf 70' lang='lat' dir='ltr'>calamitatis</span> <span class='ocrx_word' id='word_1_256' title='bbox 809 2434 847 2473; x_wconf 79' lang='lat' dir='ltr'>gu-</span> 
     </span>
     <span class='ocr_line' id='line_1_33' title="bbox 165 2492 846 2548; baseline -0.001 -12"><span class='ocrx_word' id='word_1_257' title='bbox 165 2499 219 2536; x_wconf 90' lang='lat' dir='ltr'>stum</span> <span class='ocrx_word' id='word_1_258' title='bbox 240 2493 329 2545; x_wconf 81' lang='lat' dir='ltr'>capiant,</span> <span class='ocrx_word' id='word_1_259' title='bbox 350 2493 379 2545; x_wconf 89' lang='lat' dir='ltr'>pii</span> <span class='ocrx_word' id='word_1_260' title='bbox 395 2508 445 2534; x_wconf 86' lang='lat' dir='ltr'>vero</span> <span class='ocrx_word' id='word_1_261' title='bbox 465 2494 561 2535; x_wconf 88' lang='lat' dir='ltr'>solatium</span> <span class='ocrx_word' id='word_1_262' title='bbox 578 2493 625 2533; x_wconf 87' lang='lat' dir='ltr'>inde</span> <span class='ocrx_word' id='word_1_263' title='bbox 639 2492 762 2546; x_wconf 86' lang='lat' dir='ltr'>percipiant,</span> <span class='ocrx_word' id='word_1_264' title='bbox 783 2507 846 2548; x_wconf 86' lang='lat' dir='ltr'>quum</span> 
     </span>
     <span class='ocr_line' id='line_1_34' title="bbox 166 2566 845 2620; baseline -0.003 -11"><span class='ocrx_word' id='word_1_265' title='bbox 166 2568 255 2609; x_wconf 77' lang='lat' dir='ltr'>hostium</span> <span class='ocrx_word' id='word_1_266' title='bbox 270 2568 321 2607; x_wconf 87' lang='lat' dir='ltr'>fines</span> <span class='ocrx_word' id='word_1_267' title='bbox 337 2568 409 2608; x_wconf 75' lang='lat' dir='ltr'>uastati</span> <span class='ocrx_word' id='word_1_268' title='bbox 424 2568 489 2609; x_wconf 85' lang='lat' dir='ltr'>electo</span> <span class='ocrx_word' id='word_1_269' title='bbox 505 2569 595 2608; x_wconf 81' lang='lat' dir='ltr'>Jelrovae</span> <span class='ocrx_word' id='word_1_270' title='bbox 610 2567 667 2620; x_wconf 77' lang='lat' dir='ltr'>gregi</span> <span class='ocrx_word' id='word_1_271' title='bbox 681 2566 803 2608; x_wconf 85' lang='lat' dir='ltr'>tribuantur.</span> <span class='ocrx_word' id='word_1_272' title='bbox 820 2591 845 2600; x_wconf 94' lang='lat'>-</span> 
     </span>
     <span class='ocr_line' id='line_1_35' title="bbox 165 2639 849 2695; baseline -0.001 -12"><span class='ocrx_word' id='word_1_273' title='bbox 165 2639 217 2693; x_wconf 71' lang='lat' dir='ltr'>bna,</span> <span class='ocrx_word' id='word_1_274' title='bbox 232 2640 318 2682; x_wconf 87' lang='lat' dir='ltr'>articulo</span> <span class='ocrx_word' id='word_1_275' title='bbox 335 2654 377 2681; x_wconf 89' lang='lat' dir='ltr'>non</span> <span class='ocrx_word' id='word_1_276' title='bbox 392 2642 497 2694; x_wconf 72' lang='lat' dir='ltr'>tramitum,</span> <span class='ocrx_word' id='word_1_277' title='bbox 512 2655 555 2682; x_wconf 89' lang='lat' dir='ltr'>non</span> <span class='ocrx_word' id='word_1_278' title='bbox 571 2645 601 2682; x_wconf 86' lang='lat' dir='ltr'>est</span> <span class='ocrx_word' id='word_1_279' title='bbox 616 2641 736 2694; x_wconf 79' lang='lat' dir='ltr'>subjectum,</span> <span class='ocrx_word' id='word_1_280' title='bbox 754 2642 810 2695; x_wconf 89' lang='lat' dir='ltr'>quod</span> <span class='ocrx_word' id='word_1_281' title='bbox 823 2655 849 2682; x_wconf 81' lang='lat' dir='ltr'>ax</span> 
     </span>
    </p>
   </div>
   <div class='ocr_carea' id='block_1_7' title="bbox 0 0 911 3089">
    <p class='ocr_par' dir='ltr' id='par_1_8' title="bbox 0 0 911 3089">
     <span class='ocr_line' id='line_1_36' title="bbox 0 0 911 3089; baseline 0 0"><span class='ocrx_word' id='word_1_282' title='bbox 0 0 911 3089; x_wconf 95' lang='lat' dir='ltr'> </span> 
     </span>
    </p>
   </div>
  </div>
 </body>
</html>
