1792 3089
156 127 184 169 90
399 123 448 159 *Gala
460 121 495 165 ΙΙΙ,
506 135 522 158 ν,
535 120 592 160 1-7.

158 229 298 283 opprimentis,
315 229 390 284 quippe
404 240 444 282 qna
456 227 605 269 Pentateuclms
616 226 653 268 Ex.
661 224 723 278 XXII,
739 228 772 268 20.
788 229 837 269 Lev.

157 302 224 355 XXV,
241 305 274 344 14.
293 305 354 344 Dent.
369 300 445 353 XXIII,
461 303 488 343 la
507 315 575 356 neque
593 314 665 343 servos
680 315 748 355 neque
763 315 840 355 egenos
895 296 896 318 ³

157 391 225 433 neque
234 379 355 432 peregrinos
370 376 490 430 affligendos
506 390 552 418 esse
568 376 628 418 docet
643 376 679 417 sed
693 389 763 417 amore
778 380 839 430 atque

157 452 298 495 misericordia
313 451 445 503 adjuvandos,
461 450 495 492 cni
502 450 543 503 legi
550 450 600 491 urbs
609 450 659 490 haec
667 450 771 502 peccatrix
784 454 840 490 atro-

159 526 209 567 citer
227 525 322 566 renititur
341 526 365 566 ef.
380 537 400 565 v.
416 525 435 564 3.
464 524 509 564 Jam
527 535 577 565 vero
592 522 663 576 negari
677 523 757 576 nequit,
776 523 840 564 inter-

157 599 293 653 pretationem
307 598 362 641 illam
374 601 468 640 veterum
483 595 518 651 qni
528 595 602 646 ¹landes
618 596 720 651 explicant
730 596 840 640 verborum

158 675 205 716 usui
219 688 262 716 noo
276 686 397 728 repugnare,
414 670 505 727 quamvis
520 671 583 712 nexni
598 671 744 714 sententiarum
753 672 840 714 alienam

160 760 204 788 eam
223 746 391 801 cognoverimns3
410 749 487 787 tantum
506 744 568 799 igitur
585 744 652 798 abest,
671 751 694 788 ut
711 745 768 797 illos,
788 746 841 787 sient

158 822 309 863 recentioribus
323 820 406 873 placuit,
422 819 506 860 omniuo
521 818 654 872 negligamus,
669 823 692 865 nt
701 820 754 861 hanc
765 820 840 861 verbo-

159 908 205 936 rum
220 894 370 948 ambiguitatem
384 906 396 932 a
408 891 510 945 Zephauia
523 890 581 932 velut
595 891 682 932 consilio
697 893 780 946 petitam
795 905 840 934 esse

161 967 306 1022 existimemus.
331 969 361 1009 Ita
376 965 429 1007 enim
443 964 506 1006 verba
521 953 566 1019 ipsa
579 965 727 1019 Hierosolymis
742 970 782 1008 tam
797 967 842 1021 glo-

160 1043 211 1083 riam
230 1057 242 1083 a
259 1042 298 1083 deo
318 1042 342 1083 iis
355 1044 445 1095 paratam
461 1053 521 1094 qnam
536 1039 658 1081 calamitates
673 1040 698 1080 ab
713 1040 763 1094 ipsis
778 1041 842 1082 addu-

161 1119 203 1157 ctas
218 1115 326 1157 inculcant.
346 1116 389 1154 Hac
403 1116 471 1155 antem
486 1112 566 1154 ratione
581 1113 626 1155 sola
640 1117 730 1167 apparet,
746 1128 783 1155 our
798 1115 841 1156 for-

160 1202 213 1229 mam
231 1198 299 1232 tiemo
318 1190 375 1228 vates
396 1186 490 1239 elegerin
510 1186 594 1238 respicit
609 1187 663 1227 enim
677 1200 753 1228 nomen
767 1188 842 1229 montis

162 1271 221 1305 maure
227 1292 233 1312 ,
249 1260 307 1302 onius
323 1259 467 1313 etymologiam
482 1261 576 1300 conferas
584 1260 605 1300 in
613 1259 737 1312 Heagsteat.
746 1261 841 1314 Beitr'age

159 1332 189 1386 Il,
204 1348 225 1389 p.
241 1334 292 1386 263,
313 1338 333 1376 et
350 1335 418 1376 Geren.
434 1333 494 1375 Thes.
510 1347 526 1375 s.
541 1347 560 1375 V.
580 1346 666 1388 prorsus
687 1333 842 1376 convenientem

161 1408 293 1461 explicationi
308 1408 385 1463 Coccejz'
401 1422 463 1462 snpra
478 1408 556 1450 allatae.
585 1408 675 1450 Primum
689 1408 751 1462 igitur
766 1410 842 1451 crimen

162 1482 252 1522 omnium
263 1482 391 1536 sequentinm
399 1495 496 1523 summam
505 1482 605 1530 coutinet;
620 1495 680 1536 quam
687 1482 765 1524 Jehova
773 1484 842 1524 sedem

161 1554 200 1594 sibi
215 1554 281 1607 elegit,
298 1568 360 1609 qunm
375 1555 448 1596 foedus
460 1567 507 1595 enm
515 1554 631 1595 Abrahamo
645 1554 723 1596 icturus
734 1554 857 1609 apparuis?

160 1631 192 1667 set
204 1640 272 1681 neque
285 1640 375 1682 unquam
387 1627 460 1668 soedns
473 1628 574 1681 fregisset,
590 1640 613 1667 ea
626 1627 704 1679 defecit,
719 1634 780 1684 atque
795 1642 841 1671 san-

162 1705 217 1743 etum
230 1701 282 1743 illud
296 1715 372 1745 nomen
387 1715 430 1744 non
444 1700 531 1757 amplius
546 1701 671 1745 conveniens
685 1702 707 1743 in
719 1702 842 1745 criminatio-

161 1790 209 1818 nem
224 1777 331 1818 couvertit.
347 1800 373 1810 -
400 1778 534 1819 Grammatico
548 1777 653 1830 Httatgias
667 1780 724 1830 putat
737 1778 844 1833 participia

161 1851 232 1904 priora
250 1850 364 1903 significare
384 1863 417 1902 ea,
438 1864 490 1905 qnae
509 1851 534 1891 de
552 1851 604 1891 urbe
622 1851 644 1891 in
662 1851 757 1892 vocativo
775 1852 843 1905 posita

161 1924 316 1978 praedicentem
332 1936 404 1964 verrmr
417 1924 524 1964 vocativus
540 1926 560 1964 et
574 1924 595 1964 in
609 1924 728 1965 universum
735 1924 844 1966 articulum

161 1997 215 2038 hand
230 1996 348 2038 necessario
363 1997 439 2050 flagitat
454 1997 479 2038 ct.
496 1996 577 2037 Gesem'z'
590 1996 689 2050 Lehrgeb.
704 2010 751 2051 pag.
766 1998 808 2039 654
823 2002 843 2040 et

162 2080 194 2115 'tu
210 2071 328 2125 saepissime
343 2085 395 2124 enm,
411 2071 445 2114 eni
460 2071 505 2127 quis
521 2074 645 2124 exsecratur,
663 2071 707 2114 siue
716 2072 803 2115 articulo
812 2073 844 2115 in-

163 2145 214 2194 fert;
229 2159 292 2200 quare
306 2145 378 2187 urbem
392 2147 457 2200 ipsam
470 2151 568 2201 tanquam
583 2147 707 2199 epexegesim
721 2161 733 2187 a
747 2152 793 2189 vate
808 2148 843 2189 ad-

163 2219 225 2260 ditam
240 2233 286 2261 esse
301 2220 444 2262 existimamus.
466 2221 521 2261 Ecce
535 2220 643 2274 imaginem
651 2220 844 2274 Hierosolymorum

162 2293 247 2334 brevem
262 2293 354 2346 quidem,
371 2294 408 2334 sed
422 2306 490 2334 aerem
503 2297 564 2348 atque
578 2294 704 2347 insignitam!

204 2378 224 2405 y.
233 2367 254 2406 2.
276 2366 323 2406 Non
337 2371 368 2406 est
380 2366 465 2408 rumiens
479 2366 540 2418 dicto,
554 2380 597 2408 non
609 2368 694 2421 serapt
707 2365 844 2421 [discplinam
878 2368 883 2377 ⁵

162 2441 185 2482 in
198 2437 277 2483 Jetoaa
285 2439 389 2493 fiduciam
402 2455 444 2483 aton
459 2441 549 2492 collocat,
564 2442 592 2484 nd
605 2442 666 2484 deam
679 2455 739 2482 suum
753 2456 795 2484 noa
809 2455 844 2500 cp·
868 2476 871 2481 .

158 2516 291 2568 propterquod.
324 2513 436 2557 Curvatas
451 2517 552 2570 populum
566 2516 607 2558 v.1
622 2520 664 2558 tam
679 2516 721 2557 dire
736 2516 844 2571 increpne-
885 2546 890 2563 ἐ

162 2589 195 2639 rit,
207 2589 251 2640 jann
264 2592 352 2642 quatuor
363 2590 476 2632 rationibus
487 2591 618 2631 demonstrat.
640 2591 695 2631 Vera
701 2590 766 2645 pietas
779 2591 845 2631 omnis
886 2601 889 2605 ’

162 2661 234 2714 incipit
248 2676 260 2702 a
276 2660 385 2714 docilitate,
402 2662 476 2704 etenim
489 2666 513 2703 nt
526 2662 606 2704 initium
621 2668 641 2705 et
649 2664 803 2706 fundamentum
811 2666 843 2705 to-
