1792 3089
143 147 156 174 x
409 133 555 171 Paomcouunn

143 238 197 277 enim
214 238 263 290 ipsi,
283 252 356 280 munus
376 253 447 281 eorum
465 243 526 294 atque
545 239 665 291 auctoritas,
684 240 750 293 legem
769 252 821 293 qnae

142 308 200 362 ipsos
218 310 334 353 instituerat
351 313 486 362 testabantur3
505 313 568 353 nihilo
586 317 653 354 tamen
671 313 738 354 secius
752 325 822 365 regern

142 382 284 438 populumque
297 386 349 438 legis
363 389 473 439 praecepta
486 390 547 439 atque
561 386 628 426 minae
641 390 736 439 poterant
750 385 820 435 latere,

144 469 207 509 quum
221 458 339 499 sacerdotes
355 458 480 517 dissimulata
493 458 544 511 legis
560 459 634 500 severit
647 465 667 499 te
681 463 721 499 tarn
732 458 822 499 sibimet-

142 527 194 581 ipsis
213 542 273 582 quam
287 532 366 583 populo
381 524 514 585 opinarentur
528 531 601 572 melius
616 531 731 572 consulere.
760 530 783 581 4)
799 530 822 570 Si

144 601 247 654 Zephania
265 607 312 643 ante
330 604 415 645 alteram
433 604 501 646 cultus
517 604 679 644 emendationem
693 604 823 654 innotuisset,

143 673 221 715 Josiam
239 676 257 715 ll
268 676 320 729 Reg.
331 679 404 728 XXII,
420 678 447 716 13
467 689 509 717 non
527 676 614 716 Huldam
633 677 670 717 sed
687 677 754 729 ipsum
772 688 823 715 cou-

143 745 245 788 sulturum
259 748 329 790 luisse.
359 751 404 791 lloc
418 763 469 808 vero
484 754 631 802 argumentum,
647 750 665 790 si
679 750 728 803 quid
741 749 822 802 probat,

143 819 227 860 nimium
244 822 329 874 probat,
353 837 416 876 quum
437 823 497 863 etiam
515 822 613 864 Jeremias
630 827 692 876 atque
710 822 822 863 secundum

144 893 264 934 sententiam
283 896 327 935 veri
341 896 463 951 simillimam
477 896 573 935 Habaouc
589 908 643 936 anno
658 896 727 936 Josiae
743 895 821 935 decimo

144 967 205 1007 tertio
217 969 430 1021 munereproplretieo
439 969 578 1021 fungerentur.
601 969 659 1018 Quae
668 969 750 1022 quidem
762 981 823 1008 causa

144 1040 216 1092 fuerit,
233 1054 270 1081 cur
284 1054 321 1081 rex
336 1042 437 1082 nerninem
451 1042 603 1094 prophetarum,
620 1041 657 1080 sed
670 1041 758 1081 Huldam
773 1054 823 1081 cou-

144 1112 239 1163 suluerit‚
257 1126 297 1166 pro
316 1118 373 1154 certo
392 1113 558 1155 constituendum
576 1125 617 1153 non
634 1118 673 1162 est3
692 1114 774 1154 videtur
787 1128 824 1154 au-

143 1191 184 1226 tem
198 1186 266 1227 Hulda
279 1191 365 1239 propter
380 1187 419 1227 alia
434 1187 492 1227 effata
507 1185 602 1238 dignitate
617 1186 745 1237 excelluisse,
761 1200 823 1240 quum

143 1258 178 1300 v'el
189 1259 283 1312 pontifex
292 1260 391 1300 maximus
401 1261 466 1312 ipsam
477 1259 533 1298 adire
542 1264 673 1311 properaret,
689 1259 713 1300 cl.
728 1260 823 1301 Wtrr'mn

148 1332 174 1372 de
187 1332 323 1384 prophetissis
333 1332 419 1373 lliscell.
428 1345 479 1372 sacr.
489 1333 507 1381 l,
522 1345 567 1383 pag.
576 1332 623 1372 288.
635 1332 677 1372 289
693 1335 712 1371 et
722 1334 823 1381 Hermum,

146 1404 269 1452 Geschiclrte
288 1405 325 1445 der
344 1405 424 1458 Konige
439 1405 468 1451 ll,
483 1405 535 1452 220.
570 1405 592 1455 5)
612 1404 752 1457 Propinquum
771 1404 824 1444 diem

145 1478 237 1517 Jehovae
253 1477 293 1517 dici
312 1491 355 1518 non
369 1478 464 1531 potuisse
478 1476 518 1517 nisi
533 1480 624 1517 extremo
639 1477 709 1517 Josiae
724 1481 822 1530 tempore,
861 1492 863 1495 ·

145 1558 208 1604 quum
222 1563 279 1591 mors
295 1551 338 1591 eius
354 1547 411 1604 quasi
425 1554 486 1603 porta
500 1553 564 1601 esset,
579 1563 619 1603 qna
633 1549 707 1590 iudicia
722 1550 755 1590 dei
769 1551 822 1591 irru-

144 1624 229 1676 pissent.
266 1623 293 1663 At
311 1623 398 1675 primum
417 1624 499 1678 quidem
520 1622 677 1676 propinquitatis
696 1624 753 1664 notio
775 1624 824 1665 satis

146 1700 178 1737 est
191 1709 278 1748 anceps,
298 1699 318 1735 et
335 1695 356 1735 id
375 1696 430 1749 quod
449 1696 527 1749 aliquot
545 1695 602 1735 aunis
620 1697 772 1748 postfuturum
786 1701 824 1748 est,

144 1770 284 1823 propinquum
304 1768 344 1808 dici
361 1772 439 1821 potest;
462 1768 536 1808 deinde
556 1767 635 1809 Huldae
655 1768 719 1809 verba
740 1770 825 1810 demon-

145 1847 210 1884 strant
224 1842 354 1883 solummodo
369 1846 456 1895 propter
469 1842 564 1894 pietatem
578 1841 658 1893 Josiae,
677 1843 712 1896 qui
725 1843 825 1896 populum

144 1928 228 1970 quoque
242 1915 268 1955 ad
283 1915 343 1955 deum
357 1915 457 1955 reducere
472 1927 602 1967 summopere
621 1915 707 1966 studuit,
725 1916 825 1968 supplicia

145 2002 191 2029 esse
207 1987 276 2037 dilata,
291 1987 391 2040 populum
408 1988 463 2028 idola
478 1988 580 2029 colentem
594 1988 633 2028 iam
647 1991 748 2028 maturum
762 1989 825 2030 fuisse

146 2074 232 2114 poenae.

189 2134 362 2186 Argumentorum
382 2133 443 2185 igitur
461 2146 513 2186 [puae
532 2134 647 2185 Zephaniae
667 2134 761 2174 vaticinia
778 2140 827 2187 port

146 2221 222 2248 anuum
234 2206 304 2246 Josiae
316 2206 387 2245 XVlll
403 2205 456 2245 edita
472 2218 517 2246 esse
532 2206 659 2255 confirment,
673 2206 704 2246 vis
720 2211 751 2246 est
762 2206 825 2247 nulla.

146 2281 188 2321 Alii
206 2284 274 2335 autern
292 2279 414 2331 interpretes
432 2277 526 2318 vaticinia
540 2283 588 2318 unte
603 2278 669 2330 ipsum
683 2279 737 2319 lrunc
751 2293 826 2321 annum

147 2354 227 2407 prolata
246 2365 291 2393 esse
310 2355 382 2403 putant
399 2364 498 2403 apparere
513 2364 539 2391 ex
556 2353 583 2401 ΙΙ,
599 2351 700 2401 ste-15,
720 2351 755 2392 ubi
767 2357 826 2397 <instes

146 2426 281 2479 Assyriorum
295 2437 360 2476 reguo
374 2423 484 2474 interitum,
498 2424 585 2464 Ninivae
600 2424 646 2464 urbi
655 2424 784 2465 eversionem
791 2439 826 2465 an-

147 2501 237 2551 nuntiet,
258 2510 319 2551 quam
333 2497 426 2537 evenisse
442 2497 511 2537 dicunt
528 2511 582 2537 anno
597 2511 609 2537 a
624 2497 671 2538 Chr.
687 2498 739 2548 625,
757 2498 827 2539 Josiae

148 2574 227 2615 decimo
243 2576 324 2620 oct-aro,
340 2570 367 2610 ita
382 2573 404 2609 ut
418 2569 534 2610 vaticinium
549 2570 605 2620 illud,
620 2569 660 2610 uisi
674 2570 700 2610 sit
710 2571 827 2613 vaticinium

148 2652 196 2700 post
211 2649 316 2695 eventum,
336 2647 382 2683 ante
396 2643 465 2684 Josiae
480 2656 556 2684 annum
570 2644 640 2685 XVlll
655 2643 767 2687 revelatum
782 2659 828 2687 esse
