1792 3089
137 133 150 174 6
388 130 431 166 Car.
443 130 457 172 Ι,
470 143 486 164 v·
498 128 568 167 4-15.

132 235 201 279 ,realia
218 234 328 288 praeberet
346 235 445 277 vaticinia.
474 236 538 277 Vates
552 235 624 288 igitur,
645 235 740 288 aprimis
755 235 819 276 histo-

138 310 181 350 riae
195 309 257 351 initiis
269 322 362 361 exorsus,
378 311 404 351 ad
412 310 474 351 finem
484 310 581 352 historiae
588 308 723 365 prospiciens,
739 322 820 351 omnem

138 382 236 425 historiae
251 397 334 425 cursum
348 383 453 437 amplexus
468 384 589 425 auditorum.
598 383 676 425 animos
691 384 754 425 rebus
767 384 820 425 uitae

139 459 243 500 terrestris
262 456 401 498 minutissimis
419 457 528 511 implicitos
547 457 573 498 ad
588 470 631 498 eam
646 459 741 512 perducit
755 462 820 500 atten-

140 531 228 585 tionem,
244 545 284 586 qua
299 531 332 572 dei
345 531 414 572 verbis
429 531 545 572 auscultare
559 531 647 574 valeant

421 676 440 704 iz
456 661 541 703 4-18.

183 755 265 796 Transit
283 757 340 796 vates
360 754 386 794 ad
404 753 527 808 supplicium
544 753 600 809 qnod
620 753 670 794 deus
686 753 711 793 de
726 754 823 797 Israelitis

141 829 213 881 sumet,
228 829 317 882 primum
330 842 349 870 v.
360 829 437 869 4-13
454 842 496 880 eos,
513 841 565 883 qnos
575 839 643 882 poclm
654 826 736 880 afficiet,
750 829 824 870 deiude

142 916 161 943 v.
170 903 261 944 14—18
275 916 370 957 poenam,
386 916 426 957 qua
441 915 477 944 eos
492 902 573 955 afficiet,
588 900 693 943 nuncians.
715 902 776 956 tpsos
788 916 823 944 au-

141 978 182 1016 tem
196 975 322 1030 puniendos,
342 990 411 1031 poena
422 977 505 1030 jamjam
523 976 609 1030 propius
630 975 750 1027 accedente,
770 976 824 1017 vitu-

141 1053 210 1102 perat,
231 1052 287 1104 quod
301 1064 313 1091 a
329 1051 367 1092 deo
384 1051 503 1091 defecerunt
517 1050 612 1104 aliisque,
633 1050 704 1104 quire
718 1062 767 1091 vera
781 1063 825 1091 non

143 1126 191 1164 sunt
205 1123 243 1174 dei,
258 1137 304 1166 sese
320 1124 452 1176 dediderunt,
468 1137 520 1178 qnae
536 1122 596 1165 simul
610 1126 642 1164 est
656 1135 734 1163 suumne
746 1122 824 1177 suppti-

142 1197 169 1237 cii
184 1211 251 1249 cansa,
265 1212 285 1238 u.
295 1198 368 1250 4-6,
384 1197 457 1239 deinde
471 1201 556 1251 peccata
570 1198 591 1237 in
606 1200 660 1238 statu
673 1196 758 1250 politico
773 1211 824 1238 con‹

142 1274 173 1311 tra
191 1271 280 1313 tabulam
297 1272 349 1325 legis
370 1271 454 1314 aiteram
473 1272 497 1312 ab
517 1272 541 1313 iis
560 1271 669 1312 commissa
686 1272 824 1325 reprehendit,

142 1357 161 1386 n
178 1343 260 1387 7-13.

432 1470 451 1500 n.
467 1458 535 1499 4-6,

185 1578 205 1607 v.
220 1567 240 1607 4.
270 1566 300 1606 nt
321 1564 430 1607 estendam
447 1578 532 1606 ortanum
551 1579 617 1607 cneum
635 1579 695 1620 reaper
712 1565 788 1609 nostum
806 1573 827 1609 at

143 1652 203 1694 napea·
217 1653 284 1681 omnes
298 1640 375 1681 accolas
389 1639 578 1694 Hierosolymorum
597 1643 619 1680 et
632 1640 725 1682 excidam
743 1655 769 1682 ac
783 1643 825 1683 loco

143 1714 180 1757 doc
194 1714 290 1767 reliquias
305 1714 387 1764 Basilia,
406 1726 480 1754 notarent
494 1714 657 1768 sacrificulorum
675 1727 723 1754 cum
736 1716 827 1757 sacerdo-

143 1787 202 1829 tibus.
236 1788 295 1829 Sicut
309 1788 387 1829 ttichas
402 1788 411 1828 1
429 1790 477 1840 post
495 1787 616 1829 descensum
631 1788 731 1840 Jehovae‚
748 1781 825 1840 judicis

144 1860 266 1903 universalis
280 1875 299 1904 v.
315 1862 378 1902 2-4
393 1861 524 1915 descriptum,
540 1861 566 1901 ad
579 1861 680 1915 populum
694 1862 828 1904 Israeliticnnr

144 1935 217 1977 transit
230 1939 317 1990 propter
332 1935 375 1976 eius
391 1934 472 1988 cuinam
486 1934 521 1975 tna
536 1935 603 1976 omnia
618 1935 663 1976 fieri
678 1936 757 1989 dicens,
775 1937 828 1978 sicut

144 2010 223 2051 Jesaias
236 2023 262 2050 ex
268 2009 346 2061 judicio
355 2009 466 2050 uniuersali
478 2023 498 2062 cl
506 2040 510 2050 .
519 2009 537 2049 n
548 2010 569 2049 in
578 2024 610 2062 cp.
619 2010 647 2050 ln
655 2010 756 2062 judicium
764 2011 828 2064 parti-

145 2084 215 2126 culare
222 2084 279 2139 quasi
286 2084 387 2137 producit,
395 2084 422 2124 ita
429 2084 451 2123 Z.
459 2096 512 2124 noce
520 2095 528 2146 ’ἕ
538 2084 628 2125 ostendit
635 2097 689 2125 nova
696 2086 737 2137 jam
746 2084 828 2126 attatum

145 2171 188 2200 non
202 2158 233 2210 iri,
249 2158 286 2199 sed
301 2170 352 2212 qiiae
367 2160 485 2211 sequantur,
501 2153 667 2199 antecedentibus
683 2158 783 2199 contineri
793 2158 828 2200 iis-

145 2245 185 2287 que
201 2235 277 2273 certam
285 2235 363 2273 tantum
373 2231 511 2272 definitionem
524 2232 641 2285 adjungere.
665 2242 692 2272 *n
701 2242 764 2272 rorm
786 2232 828 2273 Ex·

145 2306 212 2347 tensio
231 2319 303 2347 marrus
323 2304 402 2346 divinae
421 2305 505 2358 dicitur,
527 2305 581 2348 Catu.
601 2306 651 2359 „ubi
670 2305 720 2347 deus
740 2305 828 2347 insolitis

145 2379 212 2422 modis
227 2380 268 2432 agit
281 2384 404 2434 praeterque
422 2380 523 2421 lationem
538 2393 676 2430 communem3
698 2380 829 2434 quemadmo-

147 2454 195 2496 dum
210 2454 228 2495 si
242 2453 303 2495 velim
317 2454 394 2507 aliquid
407 2454 453 2495 teve
468 2455 546 2503 facere,
565 2458 642 2495 tantum
657 2454 770 2495 admovebo
785 2468 828 2495 ma-

147 2542 206 2580 num,
229 2528 247 2568 si
265 2532 332 2568 antem
351 2541 383 2568 mc
402 2529 506 2582 accingam
525 2529 550 2568 ad
569 2528 651 2568 difficile
670 2527 754 2582 aliquod
769 2542 828 2583 opus,

146 2603 225 2655 majore
240 2601 308 2643 studio
324 2614 355 2642 me
370 2602 454 2655 parabo,
470 2602 577 2642 extendam
593 2602 652 2643 etiam
662 2602 766 2643 brachiaf‘
791 2603 829 2644 Sa—

146 2677 173 2718 tis
189 2676 223 2718 din
238 2676 340 2719 obtuderat
355 2676 405 2717 deus
420 2689 501 2717 manum
516 2690 573 2718 suam
588 2676 663 2729 gratiae
678 2677 772 2730 plenam,
790 2677 827 2719 voss
