<?xml version="1.0" encoding="UTF-8"?>
<!DOCTYPE html PUBLIC "-//W3C//DTD XHTML 1.0 Transitional//EN"
    "http://www.w3.org/TR/xhtml1/DTD/xhtml1-transitional.dtd">
<html xmlns="http://www.w3.org/1999/xhtml" xml:lang="en" lang="en">
 <head>
  <title>
</title>
<meta http-equiv="Content-Type" content="text/html;charset=utf-8" />
  <meta name='ocr-system' content='tesseract 3.04.00' />
  <meta name='ocr-capabilities' content='ocr_page ocr_carea ocr_par ocr_line ocrx_word'/>
</head>
<body>
  <div class='ocr_page' id='page_1' title='image "MN41908ucmf_1_0059.png"; bbox 0 0 1792 3089; ppageno 0'>
   <div class='ocr_carea' id='block_1_1' title="bbox 346 156 770 204">
    <p class='ocr_par' dir='ltr' id='par_1_1' title="bbox 346 156 770 204">
     <span class='ocr_line' id='line_1_1' title="bbox 346 156 770 204; baseline 0.005 -10"><span class='ocrx_word' id='word_1_1' title='bbox 346 158 388 194; x_wconf 73' lang='lat' dir='ltr'>Car,</span> <span class='ocrx_word' id='word_1_2' title='bbox 401 157 415 202; x_wconf 80' lang='lat' dir='ltr'>l,</span> <span class='ocrx_word' id='word_1_3' title='bbox 427 169 442 194; x_wconf 76' lang='lat' dir='ltr'>r.</span> <span class='ocrx_word' id='word_1_4' title='bbox 454 156 513 195; x_wconf 50' lang='grc'>2-3,</span> <span class='ocrx_word' id='word_1_5' title='bbox 756 164 770 204; x_wconf 84' lang='grc'><strong><em>5</em></strong></span> 
     </span>
    </p>
   </div>
   <div class='ocr_carea' id='block_1_2' title="bbox 27 259 776 2681">
    <p class='ocr_par' dir='ltr' id='par_1_2' title="bbox 86 259 776 1202">
     <span class='ocr_line' id='line_1_2' title="bbox 88 259 776 321; baseline -0.003 -14"><span class='ocrx_word' id='word_1_6' title='bbox 88 266 218 321; x_wconf 86' lang='lat' dir='ltr'>praecipuam</span> <span class='ocrx_word' id='word_1_7' title='bbox 227 263 323 305; x_wconf 75' lang='lat' dir='ltr'>tribuant.</span> <span class='ocrx_word' id='word_1_8' title='bbox 347 264 464 316; x_wconf 77' lang='lat' dir='ltr'><strong>Quaeritur,</strong></span> <span class='ocrx_word' id='word_1_9' title='bbox 480 263 530 318; x_wconf 88' lang='lat' dir='ltr'>quid</span> <span class='ocrx_word' id='word_1_10' title='bbox 539 262 580 303; x_wconf 88' lang='lat' dir='ltr'>sint</span> <span class='ocrx_word' id='word_1_11' title='bbox 590 259 699 306; x_wconf 63' lang='lat' dir='ltr'>matema.</span> <span class='ocrx_word' id='word_1_12' title='bbox 717 265 776 310; x_wconf 63' lang='lat' dir='ltr'>Haste,</span> 
     </span>
     <span class='ocr_line' id='line_1_3' title="bbox 89 337 773 394; baseline -0.006 -12"><span class='ocrx_word' id='word_1_13' title='bbox 89 340 181 394; x_wconf 86' lang='lat' dir='ltr'>sequitur</span> <span class='ocrx_word' id='word_1_14' title='bbox 196 338 276 388; x_wconf 88' lang='lat' dir='ltr'>locum,</span> <span class='ocrx_word' id='word_1_15' title='bbox 296 337 317 377; x_wconf 92' lang='lat' dir='ltr'>in</span> <span class='ocrx_word' id='word_1_16' title='bbox 333 349 374 390; x_wconf 89' lang='lat' dir='ltr'>quo</span> <span class='ocrx_word' id='word_1_17' title='bbox 390 337 435 378; x_wconf 90' lang='lat' dir='ltr'>solo</span> <span class='ocrx_word' id='word_1_18' title='bbox 452 337 523 378; x_wconf 87' lang='lat' dir='ltr'>eadem</span> <span class='ocrx_word' id='word_1_19' title='bbox 539 339 570 378; x_wconf 90' lang='lat' dir='ltr'>est</span> <span class='ocrx_word' id='word_1_20' title='bbox 583 349 635 387; x_wconf 76' lang='lat' dir='ltr'>von,</span> <span class='ocrx_word' id='word_1_21' title='bbox 655 337 698 379; x_wconf 79' lang='lat' dir='ltr'>des.</span> <span class='ocrx_word' id='word_1_22' title='bbox 709 338 744 390; x_wconf 83' lang='lat' dir='ltr'>lli,</span> <span class='ocrx_word' id='word_1_23' title='bbox 760 340 773 378; x_wconf 85' lang='grc'><strong>6</strong></span> 
     </span>
     <span class='ocr_line' id='line_1_4' title="bbox 86 410 773 468; baseline -0.003 -13"><span class='ocrx_word' id='word_1_24' title='bbox 86 414 188 468; x_wconf 79' lang='lat' dir='ltr'>vertitque</span> <span class='ocrx_word' id='word_1_25' title='bbox 199 412 272 452; x_wconf 89' lang='lat' dir='ltr'>domos</span> <span class='ocrx_word' id='word_1_26' title='bbox 284 410 364 451; x_wconf 84' lang='lat' dir='ltr'>ruinam</span> <span class='ocrx_word' id='word_1_27' title='bbox 377 411 485 459; x_wconf 79' lang='lat' dir='ltr'>minantes,</span> <span class='ocrx_word' id='word_1_28' title='bbox 498 424 550 466; x_wconf 85' lang='lat' dir='ltr'>quae</span> <span class='ocrx_word' id='word_1_29' title='bbox 563 413 632 452; x_wconf 87' lang='lat' dir='ltr'>tamen</span> <span class='ocrx_word' id='word_1_30' title='bbox 639 411 773 453; x_wconf 62' lang='lat' dir='ltr'>Maturaene</span> 
     </span>
     <span class='ocr_line' id='line_1_5' title="bbox 88 484 773 538; baseline -0.004 -10"><span class='ocrx_word' id='word_1_31' title='bbox 88 487 136 528; x_wconf 86' lang='lat' dir='ltr'>dicit</span> <span class='ocrx_word' id='word_1_32' title='bbox 153 486 188 527; x_wconf 83' lang='lat' dir='ltr'>vix</span> <span class='ocrx_word' id='word_1_33' title='bbox 205 484 291 538; x_wconf 78' lang='lat' dir='ltr'>intelligi</span> <span class='ocrx_word' id='word_1_34' title='bbox 307 486 410 538; x_wconf 89' lang='lat' dir='ltr'>quomodo</span> <span class='ocrx_word' id='word_1_35' title='bbox 426 486 447 526; x_wconf 92' lang='lat' dir='ltr'>in</span> <span class='ocrx_word' id='word_1_36' title='bbox 463 489 562 527; x_wconf 81' lang='lat' dir='ltr'>contextu</span> <span class='ocrx_word' id='word_1_37' title='bbox 576 487 649 526; x_wconf 85' lang='lat' dir='ltr'>nostro</span> <span class='ocrx_word' id='word_1_38' title='bbox 665 485 773 526; x_wconf 87' lang='lat' dir='ltr'>nominen-</span> 
     </span>
     <span class='ocr_line' id='line_1_6' title="bbox 87 548 773 614; baseline -0.001 -13"><span class='ocrx_word' id='word_1_39' title='bbox 87 548 136 602; x_wconf 51' lang='lat' dir='ltr'>tur(</span> <span class='ocrx_word' id='word_1_40' title='bbox 156 559 288 600; x_wconf 85' lang='lat' dir='ltr'>Retineamus</span> <span class='ocrx_word' id='word_1_41' title='bbox 303 559 408 609; x_wconf 85' lang='lat' dir='ltr'>rrotionem</span> <span class='ocrx_word' id='word_1_42' title='bbox 423 561 527 614; x_wconf 73' lang='lat' dir='ltr'>propriam</span> <span class='ocrx_word' id='word_1_43' title='bbox 542 560 584 601; x_wconf 81' lang='lat' dir='ltr'>Jes.</span> <span class='ocrx_word' id='word_1_44' title='bbox 596 559 631 611; x_wconf 92' lang='lat' dir='ltr'>lll,</span> <span class='ocrx_word' id='word_1_45' title='bbox 648 560 661 598; x_wconf 88' lang='lat'>6</span> <span class='ocrx_word' id='word_1_46' title='bbox 676 572 720 600; x_wconf 89' lang='lat' dir='ltr'>uon</span> <span class='ocrx_word' id='word_1_47' title='bbox 735 559 773 600; x_wconf 92' lang='lat' dir='ltr'>mi-</span> 
     </span>
     <span class='ocr_line' id='line_1_7' title="bbox 87 625 772 688; baseline -0.001 -13"><span class='ocrx_word' id='word_1_48' title='bbox 87 625 126 676; x_wconf 73' lang='lat' dir='ltr'>nus</span> <span class='ocrx_word' id='word_1_49' title='bbox 142 646 202 687; x_wconf 89' lang='lat' dir='ltr'>quam</span> <span class='ocrx_word' id='word_1_50' title='bbox 217 633 245 673; x_wconf 93' lang='lat' dir='ltr'>ibi</span> <span class='ocrx_word' id='word_1_51' title='bbox 257 636 330 686; x_wconf 85' lang='lat' dir='ltr'>aptam,</span> <span class='ocrx_word' id='word_1_52' title='bbox 346 634 473 687; x_wconf 87' lang='lat' dir='ltr'>offensionis,</span> <span class='ocrx_word' id='word_1_53' title='bbox 487 648 539 688; x_wconf 92' lang='lat' dir='ltr'>quae</span> <span class='ocrx_word' id='word_1_54' title='bbox 554 633 638 687; x_wconf 87' lang='lat' dir='ltr'>proprie</span> <span class='ocrx_word' id='word_1_55' title='bbox 653 633 725 685; x_wconf 89' lang='lat' dir='ltr'>ruinis,</span> <span class='ocrx_word' id='word_1_56' title='bbox 740 634 772 674; x_wconf 87' lang='lat' dir='ltr'>la-</span> 
     </span>
     <span class='ocr_line' id='line_1_8' title="bbox 87 703 773 769; baseline -0.003 -21"><span class='ocrx_word' id='word_1_57' title='bbox 87 707 170 762; x_wconf 85' lang='lat' dir='ltr'>pidibus</span> <span class='ocrx_word' id='word_1_58' title='bbox 189 706 293 762; x_wconf 83' lang='lat' dir='ltr'>rebusque</span> <span class='ocrx_word' id='word_1_59' title='bbox 309 706 408 748; x_wconf 83' lang='lat' dir='ltr'>similibus</span> <span class='ocrx_word' id='word_1_60' title='bbox 423 708 456 760; x_wconf 82' lang='lat' dir='ltr'>fir,</span> <span class='ocrx_word' id='word_1_61' title='bbox 476 708 532 762; x_wconf 87' lang='lat' dir='ltr'>quod</span> <span class='ocrx_word' id='word_1_62' title='bbox 547 707 628 760; x_wconf 88' lang='lat' dir='ltr'>saepius</span> <span class='ocrx_word' id='word_1_63' title='bbox 648 711 678 748; x_wconf 86' lang='lat' dir='ltr'>est</span> <span class='ocrx_word' id='word_1_64' title='bbox 692 703 773 769; x_wconf 45' lang='lat' dir='ltr'>bimaita,</span> 
     </span>
     <span class='ocr_line' id='line_1_9' title="bbox 88 780 773 835; baseline -0.001 -13"><span class='ocrx_word' id='word_1_65' title='bbox 88 781 161 822; x_wconf 88' lang='lat' dir='ltr'>deinde</span> <span class='ocrx_word' id='word_1_66' title='bbox 176 781 273 822; x_wconf 75' lang='lat' dir='ltr'>translate</span> <span class='ocrx_word' id='word_1_67' title='bbox 288 781 310 821; x_wconf 89' lang='lat' dir='ltr'>irr</span> <span class='ocrx_word' id='word_1_68' title='bbox 324 794 406 822; x_wconf 84' lang='lat' dir='ltr'>causam</span> <span class='ocrx_word' id='word_1_69' title='bbox 420 781 492 821; x_wconf 82' lang='lat' dir='ltr'>ruinae</span> <span class='ocrx_word' id='word_1_70' title='bbox 506 785 567 835; x_wconf 87' lang='lat' dir='ltr'>atque</span> <span class='ocrx_word' id='word_1_71' title='bbox 580 780 734 821; x_wconf 81' lang='lat' dir='ltr'>incitamentum</span> <span class='ocrx_word' id='word_1_72' title='bbox 747 781 773 821; x_wconf 85' lang='lat' dir='ltr'>ad</span> 
     </span>
     <span class='ocr_line' id='line_1_10' title="bbox 87 853 773 909; baseline -0.003 -13"><span class='ocrx_word' id='word_1_73' title='bbox 87 857 194 909; x_wconf 87' lang='lat' dir='ltr'>peccatum</span> <span class='ocrx_word' id='word_1_74' title='bbox 212 853 258 895; x_wconf 84' lang='lat' dir='ltr'>abit¹</span> <span class='ocrx_word' id='word_1_75' title='bbox 293 853 408 908; x_wconf 75' lang='lat' dir='ltr'>Explicatio</span> <span class='ocrx_word' id='word_1_76' title='bbox 425 856 524 908; x_wconf 83' lang='lat' dir='ltr'>quaedam</span> <span class='ocrx_word' id='word_1_77' title='bbox 539 857 570 895; x_wconf 91' lang='lat' dir='ltr'>est</span> <span class='ocrx_word' id='word_1_78' title='bbox 584 853 660 894; x_wconf 85' lang='lat' dir='ltr'>Ezech.</span> <span class='ocrx_word' id='word_1_79' title='bbox 675 853 738 906; x_wconf 89' lang='lat' dir='ltr'>XlV,</span> <span class='ocrx_word' id='word_1_80' title='bbox 759 855 773 894; x_wconf 81' lang='lat'><strong>3</strong></span> 
     </span>
     <span class='ocr_line' id='line_1_11' title="bbox 88 924 773 980; baseline 0.003 -14"><span class='ocrx_word' id='word_1_81' title='bbox 88 931 121 979; x_wconf 70' lang='lat' dir='ltr'>pu</span> <span class='ocrx_word' id='word_1_82' title='bbox 135 924 219 978; x_wconf 56' lang='lat' dir='ltr'>&#39;ai-cino,</span> <span class='ocrx_word' id='word_1_83' title='bbox 234 927 296 980; x_wconf 89' lang='lat' dir='ltr'>idola,</span> <span class='ocrx_word' id='word_1_84' title='bbox 312 927 402 969; x_wconf 86' lang='lat' dir='ltr'>erdtores</span> <span class='ocrx_word' id='word_1_85' title='bbox 418 941 468 970; x_wconf 87' lang='lat' dir='ltr'>suos</span> <span class='ocrx_word' id='word_1_86' title='bbox 483 929 509 969; x_wconf 86' lang='lat' dir='ltr'>ad</span> <span class='ocrx_word' id='word_1_87' title='bbox 525 928 626 968; x_wconf 86' lang='lat' dir='ltr'>defectum</span> <span class='ocrx_word' id='word_1_88' title='bbox 640 928 705 967; x_wconf 83' lang='lat' dir='ltr'>adeo</span> <span class='ocrx_word' id='word_1_89' title='bbox 721 926 773 968; x_wconf 82' lang='lat' dir='ltr'>inci-</span> 
     </span>
     <span class='ocr_line' id='line_1_12' title="bbox 89 1001 773 1055; baseline -0.003 -12"><span class='ocrx_word' id='word_1_90' title='bbox 89 1001 156 1044; x_wconf 84' lang='lat' dir='ltr'>tantia.</span> <span class='ocrx_word' id='word_1_91' title='bbox 179 1001 238 1042; x_wconf 83' lang='lat' dir='ltr'>idola</span> <span class='ocrx_word' id='word_1_92' title='bbox 252 1001 384 1055; x_wconf 76' lang='lat' dir='ltr'>intelligenda</span> <span class='ocrx_word' id='word_1_93' title='bbox 400 1015 445 1043; x_wconf 90' lang='lat' dir='ltr'>esse</span> <span class='ocrx_word' id='word_1_94' title='bbox 460 1006 541 1055; x_wconf 83' lang='lat' dir='ltr'>praeter</span> <span class='ocrx_word' id='word_1_95' title='bbox 555 1015 574 1043; x_wconf 75' lang='lat' dir='ltr'>r.</span> <span class='ocrx_word' id='word_1_96' title='bbox 583 1001 597 1040; x_wconf 82' lang='grc'>4</span> <span class='ocrx_word' id='word_1_97' title='bbox 606 1002 646 1042; x_wconf 86' lang='lat' dir='ltr'>et5</span> <span class='ocrx_word' id='word_1_98' title='bbox 659 1001 706 1042; x_wconf 82' lang='lat' dir='ltr'>mdc</span> <span class='ocrx_word' id='word_1_99' title='bbox 718 1001 773 1042; x_wconf 81' lang='lat' dir='ltr'>veri-</span> 
     </span>
     <span class='ocr_line' id='line_1_13' title="bbox 90 1074 772 1130; baseline 0 -14"><span class='ocrx_word' id='word_1_100' title='bbox 90 1074 154 1116; x_wconf 87' lang='lat' dir='ltr'>simile</span> <span class='ocrx_word' id='word_1_101' title='bbox 170 1078 207 1126; x_wconf 87' lang='lat' dir='ltr'>est,</span> <span class='ocrx_word' id='word_1_102' title='bbox 223 1075 279 1130; x_wconf 92' lang='lat' dir='ltr'>quod</span> <span class='ocrx_word' id='word_1_103' title='bbox 294 1076 396 1117; x_wconf 73' lang='lat' dir='ltr'>rarissime</span> <span class='ocrx_word' id='word_1_104' title='bbox 408 1076 491 1117; x_wconf 83' lang='lat' dir='ltr'>nourine</span> <span class='ocrx_word' id='word_1_105' title='bbox 501 1076 547 1129; x_wconf 90' lang='lat' dir='ltr'>ipso</span> <span class='ocrx_word' id='word_1_106' title='bbox 559 1074 694 1129; x_wconf 86' lang='lat' dir='ltr'>appellantur,</span> <span class='ocrx_word' id='word_1_107' title='bbox 709 1074 772 1128; x_wconf 81' lang='lat' dir='ltr'>vulgo</span> 
     </span>
     <span class='ocr_line' id='line_1_14' title="bbox 88 1146 773 1202; baseline 0 -13"><span class='ocrx_word' id='word_1_108' title='bbox 88 1148 290 1201; x_wconf 87' lang='lat' dir='ltr'>circumscribuntur,</span> <span class='ocrx_word' id='word_1_109' title='bbox 305 1149 391 1191; x_wconf 84' lang='lat' dir='ltr'>vocibus</span> <span class='ocrx_word' id='word_1_110' title='bbox 401 1147 459 1200; x_wconf 62' lang='lat' dir='ltr'>iibri</span> <span class='ocrx_word' id='word_1_111' title='bbox 474 1146 554 1201; x_wconf 43' lang='lat' dir='ltr'>,natam</span> <span class='ocrx_word' id='word_1_112' title='bbox 565 1149 601 1198; x_wconf 67' lang='lat' dir='ltr'>alr</span> <span class='ocrx_word' id='word_1_113' title='bbox 616 1148 773 1202; x_wconf 83' lang='lat' dir='ltr'>prosopopoeia</span> 
     </span>
    </p>

    <p class='ocr_par' dir='ltr' id='par_1_3' title="bbox 66 1209 772 1425">
     <span class='ocr_line' id='line_1_15' title="bbox 66 1209 772 1277; baseline 0 -14"><span class='ocrx_word' id='word_1_114' title='bbox 66 1265 67 1268; x_wconf 60' lang='grc'>,</span> <span class='ocrx_word' id='word_1_115' title='bbox 89 1227 156 1264; x_wconf 86' lang='lat' dir='ltr'>autem</span> <span class='ocrx_word' id='word_1_116' title='bbox 175 1209 387 1264; x_wconf 83' lang='lat' dir='ltr'>offensionibusoum</span> <span class='ocrx_word' id='word_1_117' title='bbox 404 1223 487 1264; x_wconf 89' lang='lat' dir='ltr'>homine</span> <span class='ocrx_word' id='word_1_118' title='bbox 506 1226 566 1277; x_wconf 89' lang='lat' dir='ltr'>atque</span> <span class='ocrx_word' id='word_1_119' title='bbox 585 1222 705 1263; x_wconf 81' lang='lat' dir='ltr'>animalibus</span> <span class='ocrx_word' id='word_1_120' title='bbox 721 1235 772 1263; x_wconf 86' lang='lat' dir='ltr'>con-</span> 
     </span>
     <span class='ocr_line' id='line_1_16' title="bbox 86 1295 771 1350; baseline 0.001 -14"><span class='ocrx_word' id='word_1_121' title='bbox 86 1295 162 1348; x_wconf 79' lang='lat' dir='ltr'>junctis</span> <span class='ocrx_word' id='word_1_122' title='bbox 182 1296 257 1337; x_wconf 87' lang='lat' dir='ltr'>tributa</span> <span class='ocrx_word' id='word_1_123' title='bbox 275 1296 336 1337; x_wconf 86' lang='lat' dir='ltr'>idolis</span> <span class='ocrx_word' id='word_1_124' title='bbox 351 1297 417 1350; x_wconf 81' lang='lat' dir='ltr'>aptior</span> <span class='ocrx_word' id='word_1_125' title='bbox 437 1300 476 1347; x_wconf 84' lang='lat' dir='ltr'>est,</span> <span class='ocrx_word' id='word_1_126' title='bbox 497 1308 558 1350; x_wconf 85' lang='lat' dir='ltr'>quam</span> <span class='ocrx_word' id='word_1_127' title='bbox 576 1295 671 1336; x_wconf 87' lang='lat' dir='ltr'>omnibus</span> <span class='ocrx_word' id='word_1_128' title='bbox 686 1296 771 1342; x_wconf 80' lang='lat' dir='ltr'>ouiniuo</span> 
     </span>
     <span class='ocr_line' id='line_1_17' title="bbox 89 1357 772 1425; baseline 0.001 -16"><span class='ocrx_word' id='word_1_129' title='bbox 89 1357 178 1422; x_wconf 84' lang='lat' dir='ltr'>peccatis</span> <span class='ocrx_word' id='word_1_130' title='bbox 197 1369 362 1424; x_wconf 82' lang='lat' dir='ltr'>sceleribusque,</span> <span class='ocrx_word' id='word_1_131' title='bbox 384 1383 436 1425; x_wconf 87' lang='lat' dir='ltr'>quae</span> <span class='ocrx_word' id='word_1_132' title='bbox 453 1369 522 1412; x_wconf 75' lang='lat' dir='ltr'>Clrcrld.</span> <span class='ocrx_word' id='word_1_133' title='bbox 538 1373 557 1410; x_wconf 88' lang='lat' dir='ltr'>et</span> <span class='ocrx_word' id='word_1_134' title='bbox 571 1369 638 1410; x_wconf 74' lang='lat' dir='ltr'>Solita.</span> <span class='ocrx_word' id='word_1_135' title='bbox 654 1372 772 1423; x_wconf 86' lang='lat' dir='ltr'>comparato</span> 
     </span>
    </p>

    <p class='ocr_par' dir='ltr' id='par_1_4' title="bbox 59 1434 774 1940">
     <span class='ocr_line' id='line_1_18' title="bbox 59 1434 773 1494; baseline 0 -11"><span class='ocrx_word' id='word_1_136' title='bbox 59 1452 62 1475; x_wconf 70' lang='lat' dir='ltr'>r</span> <span class='ocrx_word' id='word_1_137' title='bbox 89 1443 159 1484; x_wconf 82' lang='lat' dir='ltr'>blattlr.</span> <span class='ocrx_word' id='word_1_138' title='bbox 174 1443 236 1494; x_wconf 88' lang='lat' dir='ltr'>Xlll,</span> <span class='ocrx_word' id='word_1_139' title='bbox 252 1444 278 1483; x_wconf 80' lang='lat'>41</span> <span class='ocrx_word' id='word_1_140' title='bbox 300 1439 444 1491; x_wconf 79' lang='grc' dir='ltr'><em>συλλέξουσιν</em></span> <span class='ocrx_word' id='word_1_141' title='bbox 462 1438 536 1483; x_wconf 75' lang='grc' dir='ltr'><em>πάντα</em></span> <span class='ocrx_word' id='word_1_142' title='bbox 553 1436 582 1482; x_wconf 74' lang='grc' dir='ltr'>τὰ</span> <span class='ocrx_word' id='word_1_143' title='bbox 601 1434 715 1482; x_wconf 73' lang='grc' dir='ltr'><em>σκάνδαλα</em></span> <span class='ocrx_word' id='word_1_144' title='bbox 734 1439 773 1483; x_wconf 81' lang='grc' dir='ltr'>καὶ</span> 
     </span>
     <span class='ocr_line' id='line_1_19' title="bbox 89 1507 773 1569; baseline 0 -12"><span class='ocrx_word' id='word_1_145' title='bbox 89 1510 142 1564; x_wconf 67' lang='grc' dir='ltr'>τοίς</span> <span class='ocrx_word' id='word_1_146' title='bbox 157 1512 279 1563; x_wconf 76' lang='grc' dir='ltr'><em>ποιοῦντας</em></span> <span class='ocrx_word' id='word_1_147' title='bbox 293 1509 334 1569; x_wconf 69' lang='grc' dir='ltr'>τὴν</span> <span class='ocrx_word' id='word_1_148' title='bbox 349 1507 443 1568; x_wconf 73' lang='grc' dir='ltr'><em>ἀνομίαν</em></span> <span class='ocrx_word' id='word_1_149' title='bbox 462 1515 573 1569; x_wconf 81' lang='lat' dir='ltr'>significari</span> <span class='ocrx_word' id='word_1_150' title='bbox 586 1517 663 1569; x_wconf 87' lang='lat' dir='ltr'>putant.</span> <span class='ocrx_word' id='word_1_151' title='bbox 678 1539 706 1545; x_wconf 77' lang='lat'><em>—</em></span> <span class='ocrx_word' id='word_1_152' title='bbox 729 1516 773 1557; x_wconf 86' lang='lat' dir='ltr'>Ob-</span> 
     </span>
     <span class='ocr_line' id='line_1_20' title="bbox 87 1589 773 1643; baseline 0 -12"><span class='ocrx_word' id='word_1_153' title='bbox 87 1591 166 1643; x_wconf 87' lang='lat' dir='ltr'>jectum</span> <span class='ocrx_word' id='word_1_154' title='bbox 183 1590 225 1630; x_wconf 84' lang='lat' dir='ltr'>irae</span> <span class='ocrx_word' id='word_1_155' title='bbox 242 1590 321 1630; x_wconf 77' lang='lat' dir='ltr'>diuinae</span> <span class='ocrx_word' id='word_1_156' title='bbox 335 1589 423 1643; x_wconf 87' lang='lat' dir='ltr'>primum</span> <span class='ocrx_word' id='word_1_157' title='bbox 437 1589 531 1643; x_wconf 85' lang='lat' dir='ltr'>apparuit</span> <span class='ocrx_word' id='word_1_158' title='bbox 544 1590 618 1641; x_wconf 85' lang='lat' dir='ltr'>homo,</span> <span class='ocrx_word' id='word_1_159' title='bbox 636 1589 691 1630; x_wconf 88' lang='lat' dir='ltr'>idem</span> <span class='ocrx_word' id='word_1_160' title='bbox 706 1593 727 1630; x_wconf 90' lang='lat' dir='ltr'>et</span> <span class='ocrx_word' id='word_1_161' title='bbox 740 1590 773 1631; x_wconf 93' lang='lat' dir='ltr'>ul-</span> 
     </span>
     <span class='ocr_line' id='line_1_21' title="bbox 90 1662 773 1718; baseline -0.001 -13"><span class='ocrx_word' id='word_1_162' title='bbox 90 1664 168 1716; x_wconf 90' lang='lat' dir='ltr'>timum,</span> <span class='ocrx_word' id='word_1_163' title='bbox 182 1676 209 1704; x_wconf 89' lang='lat' dir='ltr'>ue</span> <span class='ocrx_word' id='word_1_164' title='bbox 224 1664 269 1718; x_wconf 87' lang='lat' dir='ltr'>quis</span> <span class='ocrx_word' id='word_1_165' title='bbox 285 1663 369 1715; x_wconf 88' lang='lat' dir='ltr'>dubitet,</span> <span class='ocrx_word' id='word_1_166' title='bbox 385 1676 437 1717; x_wconf 89' lang='lat' dir='ltr'>quae</span> <span class='ocrx_word' id='word_1_167' title='bbox 453 1663 479 1705; x_wconf 83' lang='lat' dir='ltr'>sit</span> <span class='ocrx_word' id='word_1_168' title='bbox 493 1677 555 1705; x_wconf 84' lang='lat' dir='ltr'>causa</span> <span class='ocrx_word' id='word_1_169' title='bbox 565 1662 671 1717; x_wconf 86' lang='lat' dir='ltr'>perniciei,</span> <span class='ocrx_word' id='word_1_170' title='bbox 685 1663 773 1704; x_wconf 88' lang='lat' dir='ltr'>homiui-</span> 
     </span>
     <span class='ocr_line' id='line_1_22' title="bbox 84 1737 774 1793; baseline -0.001 -14"><span class='ocrx_word' id='word_1_171' title='bbox 84 1738 128 1779; x_wconf 87' lang='lat' dir='ltr'>bus</span> <span class='ocrx_word' id='word_1_172' title='bbox 143 1737 272 1793; x_wconf 81' lang='lat' dir='ltr'>torpentibus</span> <span class='ocrx_word' id='word_1_173' title='bbox 287 1738 339 1779; x_wconf 86' lang='lat' dir='ltr'>adeo</span> <span class='ocrx_word' id='word_1_174' title='bbox 354 1737 480 1791; x_wconf 79' lang='lat' dir='ltr'>inopinatae,</span> <span class='ocrx_word' id='word_1_175' title='bbox 504 1751 573 1779; x_wconf 87' lang='lat' dir='ltr'>eoram</span> <span class='ocrx_word' id='word_1_176' title='bbox 588 1738 627 1779; x_wconf 91' lang='lat' dir='ltr'>deo</span> <span class='ocrx_word' id='word_1_177' title='bbox 642 1739 684 1778; x_wconf 87' lang='lat' dir='ltr'>tarn</span> <span class='ocrx_word' id='word_1_178' title='bbox 698 1741 774 1787; x_wconf 79' lang='lat' dir='ltr'>certae,</span> 
     </span>
     <span class='ocr_line' id='line_1_23' title="bbox 90 1805 774 1866; baseline 0.001 -14"><span class='ocrx_word' id='word_1_179' title='bbox 90 1815 112 1853; x_wconf 86' lang='lat' dir='ltr'>ut</span> <span class='ocrx_word' id='word_1_180' title='bbox 133 1814 189 1852; x_wconf 82' lang='lat' dir='ltr'>rates</span> <span class='ocrx_word' id='word_1_181' title='bbox 208 1812 278 1853; x_wconf 84' lang='lat' dir='ltr'>versui</span> <span class='ocrx_word' id='word_1_182' title='bbox 299 1805 381 1866; x_wconf 86' lang='lat' dir='ltr'>utrique</span> <span class='ocrx_word' id='word_1_183' title='bbox 401 1824 454 1853; x_wconf 76' lang='lat' dir='ltr'>uoce</span> <span class='ocrx_word' id='word_1_184' title='bbox 477 1808 526 1854; x_wconf 67' lang='lat' dir='ltr'>mm</span> <span class='ocrx_word' id='word_1_185' title='bbox 545 1820 584 1852; x_wconf 72' lang='lat' dir='ltr'>naa</span> <span class='ocrx_word' id='word_1_186' title='bbox 607 1810 666 1866; x_wconf 85' lang='lat' dir='ltr'>quasi</span> <span class='ocrx_word' id='word_1_187' title='bbox 685 1811 774 1865; x_wconf 77' lang='lat' dir='ltr'>sigillum</span> 
     </span>
     <span class='ocr_line' id='line_1_24' title="bbox 90 1885 196 1940; baseline -0.009 -14"><span class='ocrx_word' id='word_1_188' title='bbox 90 1885 196 1940; x_wconf 84' lang='lat' dir='ltr'>imprimat.</span> 
     </span>
    </p>

    <p class='ocr_par' dir='ltr' id='par_1_5' title="bbox 90 1958 774 2456">
     <span class='ocr_line' id='line_1_25' title="bbox 131 1958 772 2012; baseline 0.002 -12"><span class='ocrx_word' id='word_1_189' title='bbox 131 1974 151 2000; x_wconf 79' lang='lat' dir='ltr'>v.</span> <span class='ocrx_word' id='word_1_190' title='bbox 165 1960 178 1999; x_wconf 78' lang='lat'><strong>2</strong></span> <span class='ocrx_word' id='word_1_191' title='bbox 194 1962 214 1999; x_wconf 92' lang='lat' dir='ltr'>et</span> <span class='ocrx_word' id='word_1_192' title='bbox 229 1961 242 2000; x_wconf 83' lang='lat'><strong>3</strong></span> <span class='ocrx_word' id='word_1_193' title='bbox 258 1959 370 2001; x_wconf 77' lang='lat' dir='ltr'>sacrandum</span> <span class='ocrx_word' id='word_1_194' title='bbox 386 1958 543 2012; x_wconf 81' lang='lat' dir='ltr'>explicationem</span> <span class='ocrx_word' id='word_1_195' title='bbox 557 1964 649 2001; x_wconf 87' lang='lat' dir='ltr'>nostram</span> <span class='ocrx_word' id='word_1_196' title='bbox 664 1959 772 2002; x_wconf 78' lang='lat' dir='ltr'>eversione</span> 
     </span>
     <span class='ocr_line' id='line_1_26' title="bbox 91 2032 772 2089; baseline 0.003 -15"><span class='ocrx_word' id='word_1_197' title='bbox 91 2033 242 2074; x_wconf 77' lang='lat' dir='ltr'>Chaldaeorum</span> <span class='ocrx_word' id='word_1_198' title='bbox 265 2032 299 2072; x_wconf 87' lang='lat' dir='ltr'>vel</span> <span class='ocrx_word' id='word_1_199' title='bbox 320 2033 462 2073; x_wconf 85' lang='lat' dir='ltr'>Romanorum</span> <span class='ocrx_word' id='word_1_200' title='bbox 487 2033 566 2087; x_wconf 90' lang='lat' dir='ltr'>impleti</span> <span class='ocrx_word' id='word_1_201' title='bbox 588 2047 634 2075; x_wconf 90' lang='lat' dir='ltr'>esse</span> <span class='ocrx_word' id='word_1_202' title='bbox 656 2047 700 2076; x_wconf 90' lang='lat' dir='ltr'>non</span> <span class='ocrx_word' id='word_1_203' title='bbox 721 2048 772 2089; x_wconf 87' lang='lat' dir='ltr'>pos-</span> 
     </span>
     <span class='ocr_line' id='line_1_27' title="bbox 91 2106 774 2161; baseline 0.001 -12"><span class='ocrx_word' id='word_1_204' title='bbox 91 2111 147 2159; x_wconf 85' lang='lat' dir='ltr'>sunt,</span> <span class='ocrx_word' id='word_1_205' title='bbox 167 2120 230 2161; x_wconf 85' lang='lat' dir='ltr'>quare</span> <span class='ocrx_word' id='word_1_206' title='bbox 249 2106 395 2148; x_wconf 73' lang='lat' dir='ltr'>existimaveris</span> <span class='ocrx_word' id='word_1_207' title='bbox 413 2121 452 2148; x_wconf 89' lang='lat' dir='ltr'>nos</span> <span class='ocrx_word' id='word_1_208' title='bbox 472 2108 498 2148; x_wconf 87' lang='lat' dir='ltr'>ad</span> <span class='ocrx_word' id='word_1_209' title='bbox 512 2108 633 2149; x_wconf 86' lang='lat' dir='ltr'>sententiam</span> <span class='ocrx_word' id='word_1_210' title='bbox 649 2121 722 2150; x_wconf 89' lang='lat' dir='ltr'>eorum</span> <span class='ocrx_word' id='word_1_211' title='bbox 738 2122 774 2150; x_wconf 88' lang='lat' dir='ltr'>re-</span> 
     </span>
     <span class='ocr_line' id='line_1_28' title="bbox 91 2180 773 2237; baseline 0.004 -15"><span class='ocrx_word' id='word_1_212' title='bbox 91 2182 172 2234; x_wconf 82' lang='lat' dir='ltr'>dactos,</span> <span class='ocrx_word' id='word_1_213' title='bbox 193 2180 228 2234; x_wconf 92' lang='lat' dir='ltr'>qui</span> <span class='ocrx_word' id='word_1_214' title='bbox 243 2180 344 2232; x_wconf 81' lang='lat' dir='ltr'>judicium</span> <span class='ocrx_word' id='word_1_215' title='bbox 359 2182 471 2224; x_wconf 79' lang='lat' dir='ltr'>extreurrmr</span> <span class='ocrx_word' id='word_1_216' title='bbox 485 2182 613 2236; x_wconf 86' lang='lat' dir='ltr'>praedictum</span> <span class='ocrx_word' id='word_1_217' title='bbox 631 2196 677 2224; x_wconf 88' lang='lat' dir='ltr'>esse</span> <span class='ocrx_word' id='word_1_218' title='bbox 693 2187 773 2237; x_wconf 87' lang='lat' dir='ltr'>putant.</span> 
     </span>
     <span class='ocr_line' id='line_1_29' title="bbox 90 2254 774 2309; baseline 0.001 -12"><span class='ocrx_word' id='word_1_219' title='bbox 90 2255 117 2297; x_wconf 80' lang='lat' dir='ltr'>At</span> <span class='ocrx_word' id='word_1_220' title='bbox 131 2254 254 2309; x_wconf 86' lang='lat' dir='ltr'>Zephauiam</span> <span class='ocrx_word' id='word_1_221' title='bbox 269 2254 393 2296; x_wconf 88' lang='lat' dir='ltr'>simillimum</span> <span class='ocrx_word' id='word_1_222' title='bbox 407 2256 541 2309; x_wconf 77' lang='lat' dir='ltr'>cognorimus</span> <span class='ocrx_word' id='word_1_223' title='bbox 556 2256 621 2308; x_wconf 83' lang='lat' dir='ltr'>Joeli,</span> <span class='ocrx_word' id='word_1_224' title='bbox 637 2257 695 2298; x_wconf 82' lang='lat' dir='ltr'>errius</span> <span class='ocrx_word' id='word_1_225' title='bbox 711 2258 774 2298; x_wconf 79' lang='lat' dir='ltr'>resti-</span> 
     </span>
     <span class='ocr_line' id='line_1_30' title="bbox 90 2329 773 2384; baseline 0.003 -14"><span class='ocrx_word' id='word_1_226' title='bbox 90 2330 122 2384; x_wconf 85' lang='lat' dir='ltr'>gia</span> <span class='ocrx_word' id='word_1_227' title='bbox 140 2330 192 2370; x_wconf 86' lang='lat' dir='ltr'>intra</span> <span class='ocrx_word' id='word_1_228' title='bbox 210 2329 265 2369; x_wconf 86' lang='lat' dir='ltr'>hand</span> <span class='ocrx_word' id='word_1_229' title='bbox 282 2342 348 2382; x_wconf 86' lang='lat' dir='ltr'>pauca</span> <span class='ocrx_word' id='word_1_230' title='bbox 365 2330 551 2383; x_wconf 82' lang='lat' dir='ltr'>deprehendemus,</span> <span class='ocrx_word' id='word_1_231' title='bbox 574 2334 594 2370; x_wconf 92' lang='lat' dir='ltr'>et</span> <span class='ocrx_word' id='word_1_232' title='bbox 612 2330 669 2384; x_wconf 91' lang='lat' dir='ltr'>quod</span> <span class='ocrx_word' id='word_1_233' title='bbox 685 2330 729 2372; x_wconf 85' lang='lat' dir='ltr'>illic</span> <span class='ocrx_word' id='word_1_234' title='bbox 748 2331 773 2372; x_wconf 92' lang='lat' dir='ltr'>de</span> 
     </span>
     <span class='ocr_line' id='line_1_31' title="bbox 91 2403 774 2456; baseline 0.004 -13"><span class='ocrx_word' id='word_1_235' title='bbox 91 2403 123 2444; x_wconf 90' lang='lat' dir='ltr'>die</span> <span class='ocrx_word' id='word_1_236' title='bbox 135 2403 226 2445; x_wconf 83' lang='lat' dir='ltr'>Jelrorae</span> <span class='ocrx_word' id='word_1_237' title='bbox 241 2403 302 2456; x_wconf 87' lang='lat' dir='ltr'>valet,</span> <span class='ocrx_word' id='word_1_238' title='bbox 316 2404 370 2444; x_wconf 87' lang='lat' dir='ltr'>idem</span> <span class='ocrx_word' id='word_1_239' title='bbox 385 2404 410 2443; x_wconf 85' lang='lat' dir='ltr'>de</span> <span class='ocrx_word' id='word_1_240' title='bbox 423 2404 518 2446; x_wconf 75' lang='lat' dir='ltr'>uersibus</span> <span class='ocrx_word' id='word_1_241' title='bbox 533 2404 616 2446; x_wconf 88' lang='lat' dir='ltr'>nostris.</span> <span class='ocrx_word' id='word_1_242' title='bbox 639 2405 725 2446; x_wconf 82' lang='lat' dir='ltr'>blinatio</span> <span class='ocrx_word' id='word_1_243' title='bbox 741 2405 774 2446; x_wconf 93' lang='lat' dir='ltr'>dei</span> 
     </span>
    </p>

    <p class='ocr_par' dir='ltr' id='par_1_6' title="bbox 27 2478 774 2681">
     <span class='ocr_line' id='line_1_32' title="bbox 27 2478 774 2532; baseline 0.003 -14"><span class='ocrx_word' id='word_1_244' title='bbox 27 2524 30 2527; x_wconf 29' lang='lat'><strong><em>¹</em></strong></span> <span class='ocrx_word' id='word_1_245' title='bbox 91 2479 159 2519; x_wconf 84' lang='lat' dir='ltr'>omma</span> <span class='ocrx_word' id='word_1_246' title='bbox 169 2478 274 2519; x_wconf 88' lang='lat' dir='ltr'>auferendi</span> <span class='ocrx_word' id='word_1_247' title='bbox 288 2491 375 2531; x_wconf 89' lang='lat' dir='ltr'>prorsus</span> <span class='ocrx_word' id='word_1_248' title='bbox 385 2478 521 2532; x_wconf 87' lang='lat' dir='ltr'>complebitur</span> <span class='ocrx_word' id='word_1_249' title='bbox 528 2478 608 2531; x_wconf 78' lang='lat' dir='ltr'>judicio</span> <span class='ocrx_word' id='word_1_250' title='bbox 619 2483 718 2532; x_wconf 79' lang='lat' dir='ltr'>extremo,</span> <span class='ocrx_word' id='word_1_251' title='bbox 733 2483 774 2520; x_wconf 87' lang='lat' dir='ltr'>tam</span> 
     </span>
     <span class='ocr_line' id='line_1_33' title="bbox 40 2539 773 2608; baseline 0.005 -18"><span class='ocrx_word' id='word_1_252' title='bbox 40 2539 42 2542; x_wconf 33' lang='lat'><em>&#39;</em></span> <span class='ocrx_word' id='word_1_253' title='bbox 91 2551 210 2604; x_wconf 79' lang='lat' dir='ltr'>gravissimo</span> <span class='ocrx_word' id='word_1_254' title='bbox 227 2567 288 2608; x_wconf 90' lang='lat' dir='ltr'>quam</span> <span class='ocrx_word' id='word_1_255' title='bbox 302 2552 384 2602; x_wconf 89' lang='lat' dir='ltr'>nltimo;</span> <span class='ocrx_word' id='word_1_256' title='bbox 404 2554 441 2594; x_wconf 91' lang='lat' dir='ltr'>sed</span> <span class='ocrx_word' id='word_1_257' title='bbox 457 2554 481 2594; x_wconf 87' lang='lat' dir='ltr'>de</span> <span class='ocrx_word' id='word_1_258' title='bbox 496 2554 566 2595; x_wconf 85' lang='lat' dir='ltr'>futuro</span> <span class='ocrx_word' id='word_1_259' title='bbox 581 2555 621 2595; x_wconf 91' lang='lat' dir='ltr'>hoc</span> <span class='ocrx_word' id='word_1_260' title='bbox 633 2554 712 2606; x_wconf 80' lang='lat' dir='ltr'>judicio</span> <span class='ocrx_word' id='word_1_261' title='bbox 724 2554 773 2606; x_wconf 89' lang='lat' dir='ltr'>jure</span> 
     </span>
     <span class='ocr_line' id='line_1_34' title="bbox 80 2624 773 2681; baseline 0.001 -15"><span class='ocrx_word' id='word_1_262' title='bbox 80 2624 204 2678; x_wconf 74' lang='lat' dir='ltr'>meritoque</span> <span class='ocrx_word' id='word_1_263' title='bbox 224 2627 372 2680; x_wconf 87' lang='lat' dir='ltr'>dubitaremus,</span> <span class='ocrx_word' id='word_1_264' title='bbox 392 2627 432 2669; x_wconf 88' lang='lat' dir='ltr'>nisi</span> <span class='ocrx_word' id='word_1_265' title='bbox 452 2628 523 2668; x_wconf 89' lang='lat' dir='ltr'>eadem</span> <span class='ocrx_word' id='word_1_266' title='bbox 543 2628 576 2669; x_wconf 89' lang='lat' dir='ltr'>dei</span> <span class='ocrx_word' id='word_1_267' title='bbox 587 2627 667 2680; x_wconf 80' lang='lat' dir='ltr'>justitia</span> <span class='ocrx_word' id='word_1_268' title='bbox 682 2627 773 2681; x_wconf 90' lang='lat' dir='ltr'>quotidie</span> 
     </span>
    </p>
   </div>
   <div class='ocr_carea' id='block_1_3' title="bbox 78 2699 775 2755">
    <p class='ocr_par' dir='ltr' id='par_1_7' title="bbox 78 2699 775 2755">
     <span class='ocr_line' id='line_1_35' title="bbox 78 2699 775 2755; baseline 0.003 -14"><span class='ocrx_word' id='word_1_269' title='bbox 78 2701 79 2735; x_wconf 79' lang='grc' dir='ltr'>ἶ</span> <span class='ocrx_word' id='word_1_270' title='bbox 90 2699 196 2741; x_wconf 81' lang='lat' dir='ltr'>rriarrilesta</span> <span class='ocrx_word' id='word_1_271' title='bbox 205 2700 288 2752; x_wconf 84' lang='lat' dir='ltr'>judiciis</span> <span class='ocrx_word' id='word_1_272' title='bbox 301 2701 397 2755; x_wconf 70' lang='lat' dir='ltr'>gravibus</span> <span class='ocrx_word' id='word_1_273' title='bbox 409 2702 430 2742; x_wconf 88' lang='lat' dir='ltr'>in</span> <span class='ocrx_word' id='word_1_274' title='bbox 443 2702 536 2745; x_wconf 88' lang='lat' dir='ltr'>ultimum</span> <span class='ocrx_word' id='word_1_275' title='bbox 544 2702 602 2744; x_wconf 87' lang='lat' dir='ltr'>illurn</span> <span class='ocrx_word' id='word_1_276' title='bbox 606 2702 697 2755; x_wconf 89' lang='lat' dir='ltr'>justitiae</span> <span class='ocrx_word' id='word_1_277' title='bbox 707 2705 775 2744; x_wconf 88' lang='lat' dir='ltr'>actum</span> 
     </span>
    </p>
   </div>
   <div class='ocr_carea' id='block_1_4' title="bbox 0 0 903 3089">
    <p class='ocr_par' dir='ltr' id='par_1_8' title="bbox 0 0 903 3089">
     <span class='ocr_line' id='line_1_36' title="bbox 0 0 903 3089; baseline 0 0"><span class='ocrx_word' id='word_1_278' title='bbox 0 0 903 3089; x_wconf 95' lang='lat' dir='ltr'> </span> 
     </span>
    </p>
   </div>
  </div>
 </body>
</html>
