1792 3089
280 138 339 178 ⁴(Iste.
351 137 365 180 l,
378 151 394 172 v.
407 134 475 173 4-15.

321 255 341 283 v.
357 241 460 289 4-15,ι

91 321 211 375 Sequuntur
217 314 312 357 vaticinia
320 319 392 355 contra
399 313 490 369 populos
503 313 592 361 exteros
608 324 660 364 quae
668 311 732 353 inter-

49 398 117 449 pretes
132 390 233 440 nonnulli,
250 389 309 429 etiam
318 388 458 430 Bertlmldte'as
471 400 482 427 a
494 384 665 440 praecedentibus
680 385 732 426 adeo

50 471 168 522 segregant,
186 469 209 506 ut
226 475 313 516 prorsus
331 475 405 505 novam
423 461 567 503 vaticiniorum
585 463 664 512 partem
682 458 733 500 inei-

50 554 100 595 pere
115 539 237 581 existiment.
261 537 289 577 At
303 536 390 590 primum
405 536 487 590 quidem
502 547 553 589 qnae
568 534 607 575 huc
622 546 688 587 usque
703 532 733 573 in-

50 613 155 668 terpretati
169 624 250 662 snmus,
271 610 335 653 solam
353 610 514 664 increpationem
531 613 592 662 atque
607 607 732 662 cohortatio-

50 701 97 728 nem
113 686 227 737 continent,
249 698 312 738 qunm
330 684 382 726 nulli
399 684 547 738 prophetarum
562 682 658 723 vaticinio
673 681 733 723 tertia

53 760 105 803 desit
118 759 240 814 promissio,
260 758 334 799 deinde
350 761 427 798 centum
442 757 544 812 quendam
558 769 634 797 nexum
647 768 669 800 a:
681 755 734 796 indi-

52 839 95 882 cat,
115 846 175 888 quem
193 832 298 887 negligere
312 832 370 873 nullo
385 832 447 873 modo
465 830 523 882 licet,
545 830 579 871 alii
593 834 661 871 autem
677 829 736 870 aliter

53 911 164 962 exponunt.
191 906 251 949 Corn.
267 920 280 947 a
293 907 347 959 Lep.
362 905 489 946 Judaeorum
505 904 605 957 judicium
619 907 677 957 putat
691 907 736 945 tan-

52 985 96 1022 tum
114 981 170 1031 fore,
193 984 216 1021 ut
237 983 323 1033 propter
344 979 402 1032 ipsos
424 980 485 1020 etiam
502 978 565 1019 vienn
583 978 676 1018 vastandi
697 977 737 1018 sint

55 1068 121 1109 eoque
135 1053 199 1107 magis
211 1053 294 1094 Judaeis
309 1052 430 1101 timendum3
446 1052 467 1093 id
482 1053 538 1107 quod
553 1052 642 1106 peccatis
657 1051 736 1093 vicino-

54 1142 99 1169 rum
114 1128 206 1181 ipsorum
220 1126 339 1180 vituperatis
354 1126 455 1178 rejicitur;
481 1127 537 1167 Grot.
552 1129 630 1167 tantum
644 1126 690 1166 fore
701 1126 736 1177 ju-

56 1201 141 1251 dicium,
159 1205 182 1241 nt
202 1200 296 1241 omnibns
312 1199 388 1241 circum
402 1200 455 1254 locis
470 1199 494 1239 ab
509 1200 569 1240 hoste
585 1200 649 1253 captis
664 1199 738 1252 effugia

56 1275 96 1322 sint
111 1273 238 1322 difficillime
257 1286 334 1314 verum·
345 1286 397 1327 qnae
412 1277 526 1327 sequuntur
540 1273 661 1314 minationes
676 1276 738 1327 atque

56 1347 204 1401 promissiones
219 1345 266 1399 plns
282 1346 372 1386 indicant
387 1358 448 1399 quam
461 1346 562 1387 rationem
575 1347 627 1401 hanr-
641 1346 738 1387 minutam

55 1420 201 1474 pusillamque;
219 1420 304 1461 maron.
319 1423 398 1460 tantum
416 1420 461 1460 fore
477 1419 588 1471 judicium,
607 1424 630 1460 ut
648 1418 682 1460 vel
699 1431 738 1472 po-

57 1494 181 1536 tentissimae
191 1492 348 1535 Philistaeormn
360 1493 422 1535 nrbes
434 1493 531 1535 resistere
542 1506 585 1535 non
594 1494 739 1548 possint-quae

58 1569 166 1622 opiniones
180 1566 230 1606 nihil
243 1567 336 1618 afferunt,
351 1567 391 1608 nisi
402 1567 490 1621 periculi
502 1567 661 1620 magnitudinem
672 1566 740 1620 Capl

58 1643 106 1684 satis
121 1651 224 1694 superque
243 1640 372 1693 descriptam.
407 1640 462 1683 Calo.
479 1641 642 1681 consolationem
655 1640 739 1692 invenit,

59 1730 121 1771 quum
135 1714 224 1756 vindicta
238 1714 271 1755 dei
285 1713 403 1766 temporalis
419 1717 491 1755 contra
504 1714 606 1766 ludaeos,
616 1706 660 1766 jam
673 1718 740 1755 trans-

60 1792 92 1830 eat
109 1789 135 1828 ad
154 1793 246 1836 exter0s;
267 1791 288 1828 at
305 1801 316 1827 a
334 1787 418 1829 Judaeis
437 1801 519 1842 qnoque
538 1787 655 1830 infidelibus
672 1801 741 1846 poena

60 1875 165 1916 nunqnam
182 1861 271 1902 recedet.
301 1861 375 1903 illelius
397 1862 460 1903 Tura.
475 1862 531 1903 videt
549 1862 643 1915 exemplo
662 1862 741 1916 impoe-

59 1937 147 1977 nitentes
166 1935 237 1976 dcceri
255 1948 333 1987 sapere.
357 1935 392 1975 Ea
411 1939 442 1976 est
461 1936 514 1976 enim
527 1937 675 1989 prophetarum
690 1948 740 1976 con-

60 2010 158 2060 suetudo,
173 2013 196 2049 nt
210 2008 302 2049 ludaeos
317 2021 342 2048 eo
357 2009 422 2061 magis
436 2009 537 2061 territuri,
554 2011 587 2051 dei
598 2010 677 2063 judicia
692 2022 742 2051 con-

59 2088 91 2124 tra
106 2086 188 2123 exteros
200 2081 243 2133 jam
258 2082 345 2133 decreta,
358 2083 401 2134 jam
413 2096 456 2124 non
468 2084 555 2138 amplius
567 2084 681 2137 effugienda
694 2097 743 2137 pro-

38 2161 40 2163 ’
60 2160 144 2210 ponant,
158 2156 242 2197 Judaeis
258 2156 358 2210 siqnidem
372 2170 416 2197 non
429 2157 558 2211 resipiscant,
573 2159 627 2199 idem
637 2158 743 2199 imminere

61 2230 95 2272 nel
108 2234 194 2283 propter
208 2230 263 2270 dona
277 2230 353 2282 gratiae
367 2230 451 2273 uberius
465 2231 490 2272 iis
505 2231 573 2273 oblata
585 2232 685 2285 supplicia
696 2245 744 2284 gra-

61 2305 120 2346 viora
131 2303 217 2355 instare,
232 2304 326 2357 exemplo
337 2304 455 2358 probantes.
483 2306 549 2355 Quam
561 2305 682 2346 sententiam
693 2313 753 2359 pro:

61 2378 97 2418 bat
110 2377 181 2420 Amos.
191 2378 301 2432 Descripta
316 2378 370 2419 enim
384 2380 399 2430 Ι,
414 2379 428 2418 2
443 2378 473 2419 ira
483 2378 581 2432 Jehovae,
596 2379 685 2434 primum
695 2393 745 2433 geu-

63 2451 139 2501 tilium,
159 2465 247 2507 quorum
268 2457 353 2507 peccata
373 2453 394 2494 in
414 2451 517 2495 israelitas
538 2459 643 2507 recenset,
666 2466 744 2508 poenas

4 2524 32 2594 ,³³⁵
62 2526 130 2579 affert,
153 2527 226 2568 deinde
247 2528 273 2569 ad
292 2528 395 2569 israelitas
412 2527 470 2581 ipsos
487 2530 570 2581 transit,
591 2533 615 2571 nt
633 2528 744 2583 gentilium,

63 2599 137 2654 quibus
155 2599 192 2640 lux
211 2601 286 2654 gratiae
305 2601 385 2643 divinae
403 2602 469 2644 minus
492 2603 547 2645 clara
568 2603 634 2655 fulsit,
657 2616 746 2657 qnorum

63 2677 147 2728 peccata
164 2674 186 2714 in
204 2674 265 2716 deum
279 2676 346 2717 minus
361 2680 431 2730 aperte
448 2677 499 2731 ipsis
513 2677 625 2721 revelatum
640 2677 696 2738 αάεᾳ
706 2691 745 2731 pn-
