1792 3089
358 165 401 203 GAr.
414 166 431 202 1.
449 178 464 202 v.
477 163 504 203 13.
745 168 774 210 25

90 276 125 315 vet
138 274 280 328 argumentum
294 269 402 311 internum.
431 268 458 310 Hi
471 272 539 311 autem
553 267 619 322 impii,
635 267 710 310 similes
726 273 774 310 suut

91 346 188 400 Epicuro,
204 344 240 399 qni
255 356 317 397 quum
331 353 418 396 prorsus
430 356 505 396 negare
520 355 563 383 non
578 342 663 382 auderet
677 355 723 384 csse
736 342 774 383 ali-

92 433 152 476 quem
162 419 228 468 deum,
244 416 351 457 confessus
362 419 393 457 eet
405 416 455 458 deos
465 430 516 468 essa,
532 416 570 458 sed
578 415 680 456 conclusit
687 414 744 468 ipsos
752 416 773 456 in

93 492 164 543 coelo,
179 494 202 531 ut
215 489 258 530 illic
273 490 390 530 fruerentur
405 489 447 530 otio
463 493 483 530 et
498 489 584 530 deliciis.
612 487 645 529 Ab
660 489 700 529 hoc
714 502 775 543 quem

93 566 164 606 dicunt
176 564 262 604 Deismo
280 562 345 604 facilis
365 566 396 604 est
408 563 440 603 via
455 563 481 603 ad
495 563 623 613 atheismum,
644 562 679 617 qui
693 563 776 617 specio-

48 621 50 624 γ
93 638 148 679 siore
168 636 239 677 deismi
253 636 336 677 nomine
350 636 405 676 haud
419 649 466 676 raro
481 636 562 689 tegitur.
592 636 653 676 Hunc
666 635 775 689 impietatis

93 710 212 752 vocavimus
236 710 339 751 cumulum
357 712 419 763 atque
437 709 548 762 fastigium,
571 722 618 750 nam
635 708 705 750 habitu
724 709 775 750 divi-

93 788 136 825 tum
153 784 175 824 iu
191 783 258 837 primo
278 782 404 824 lremisticlrio
424 781 527 836 descripto
547 786 643 833 externo,
668 783 776 823 securitate

93 857 114 897 in
130 857 213 908 divitiis,
233 858 336 908 internus,
356 856 437 907 negatio
456 856 597 909 providentiae
613 855 686 909 deique
705 855 777 909 ipsius,

94 942 137 971 non
152 929 219 971 solum
234 930 295 971 tertio
310 929 357 971 huic
371 929 442 983 generi
458 929 560 979 convenit,
576 929 613 970 sed
628 929 719 970 omnium
727 943 777 987 pec-

95 1007 187 1044 catorum
208 1017 227 1044 v.
240 1004 318 1044 8-12
337 1003 481 1057 castigatorum
503 1015 586 1044 causam
607 1003 699 1043 continet
717 1005 782 1057 atque

95 1080 200 1127 eventum,
216 1090 278 1131 quum
294 1077 440 1131 obstupefactis
456 1076 587 1118 conscientiis
602 1077 680 1128 majore
694 1075 777 1117 licentia

94 1151 115 1191 in
129 1153 236 1203 peccatum
250 1149 391 1203 praecipitent.
423 1151 469 1190 Jam
485 1150 546 1203 igitur
564 1150 665 1204 siquidem
680 1149 730 1190 deus
746 1154 777 1190 est

91 1224 156 1275 judex
169 1223 246 1275 mundi,
260 1223 375 1264 manifestet
386 1223 485 1275 justitiam
498 1235 556 1264 suam
568 1222 621 1263 sicut
634 1223 656 1263 in
667 1223 708 1263 fine
719 1223 788 1276 prio<

94 1296 122 1336 ris
136 1296 199 1349 partis
213 1297 256 1337 v.6
271 1308 356 1337 necesse
372 1300 408 1339 est.

136 1382 156 1410 v.
172 1367 206 1410 la.
235 1369 265 1409 Et
284 1374 346 1409 eruat
364 1382 408 1422 opes
427 1381 498 1409 eoram
515 1370 538 1409 la
552 1368 685 1421 direptionem
703 1374 722 1409 et
743 1369 778 1410 do-

94 1454 223 1482 ceraseorum
241 1442 264 1481 ata
281 1442 408 1490 sciscitarem
427 1447 448 1482 et
465 1440 602 1495 aedificabunt
618 1440 698 1491 'domos,
716 1456 780 1496 neque

94 1512 224 1565 latitabant,
248 1519 270 1555 et
287 1514 414 1568 plantabant
435 1516 505 1556 atnam
528 1528 592 1568 aequa
618 1513 686 1555 babeat
708 1516 780 1557 uinum

95 1601 172 1629 acerram.
193 1588 292 1630 Extensio
306 1602 378 1631 manus
392 1588 472 1630 divinae
482 1588 599 1630 necessaria
611 1592 677 1629 est-
686 1601 738 1643 quae
749 1593 780 1631 ta-

95 1675 142 1703 men
151 1661 243 1713 jnstitiae
257 1662 336 1704 divinae
347 1662 493 1704 demonstratio
503 1661 635 1716 praeclarior,
651 1675 712 1717 quam
722 1664 780 1717 quod

97 1748 121 1775 ea
135 1735 185 1788 ipsa,
202 1749 254 1789 quae
270 1736 303 1776 dei
317 1736 352 1777 lex
366 1735 433 1789 impiis
447 1733 545 1787 minatur,
560 1748 612 1789 quae
627 1735 692 1777 minas
706 1736 779 1778 inanes

95 1822 163 1863 neque
182 1808 223 1850 vim
240 1822 308 1864 neque
326 1810 409 1863 pondus
428 1808 526 1850 habentes
545 1807 675 1862 despiciunt,'
691 1810 718 1850 ad
731 1823 779 1851 ver-

95 1884 144 1924 bum
159 1883 261 1924 eveniunt.
296 1882 379 1936 Duplex
394 1883 447 1923 inest
463 1883 506 1936 legi
522 1882 671 1923 maledictionis
685 1883 778 1941 promul-

97 1956 151 2008 gatio
166 1956 293 2009 gravissima3
308 1959 415 2011 utramque
430 1957 492 2009 Zeph.
507 1956 602 2009 respicit,
619 1960 642 1996 ut
656 1969 698 1997 nna
711 1970 781 2010 poena

96 2029 200 2070 nominata
214 2028 263 2069 alias
279 2042 350 2070 omnes
365 2029 425 2070 simul
439 2033 535 2071 venturas
549 2029 631 2071 indicet.
659 2031 781 2084 Respondet

95 2103 166 2143 versui
183 2101 320 2153 antecedenti,
340 2102 398 2144 cuius
416 2103 483 2156 primo
502 2103 630 2145 lremistiohio
650 2104 795 2147 securitatem

96 2177 151 2218 illam
170 2176 243 2230 opibus
262 2175 334 2217 fretam
352 2177 511 2230 reprehendenti
530 2177 626 2231 opposita
643 2182 675 2220 est
691 2179 779 2233 direptio

97 2254 157 2304 atque
171 2249 406 2303 ostentantium,
423 2251 456 2291 32.
473 2252 507 2291 33.
523 2252 579 2292 Dent
592 2252 684 2294 XXVIII
696 2253 717 2293 in
733 2254 780 2294 uni-

96 2337 178 2365 versum
194 2323 300 2376 declarata,
315 2324 347 2365 hic
359 2324 474 2366 accuratius
490 2324 596 2378 explicata,
611 2326 716 2378 negationi
730 2341 781 2381 pro-

96 2398 199 2439 videntiae
213 2398 270 2439 irrita
283 2398 376 2452 ipsorum
391 2412 455 2452 opera
469 2412 494 2439 ex
507 2400 564 2440 Deut
578 2399 676 2451 XXVIII,
692 2401 725 2450 30.
740 2403 780 2452 39;

98 2473 133 2527 qui
146 2473 206 2514 locus
226 2472 330 2526 posterior
343 2472 507 2514 maledictionem
520 2473 644 2526 terribilem,
663 2475 715 2517 nulli
726 2477 779 2518 uitae

96 2547 194 2588 Judaicae
212 2547 287 2589 rationi
304 2550 439 2601 parcentem„
452 2547 525 2588 ordine
540 2547 589 2589 satis
603 2549 714 2602 perspicuo
728 2563 779 2603 pro-

97 2620 197 2673 mulgans,
212 2625 284 2662 nostra
298 2635 382 2676 quoque
396 2621 460 2663 verba
473 2622 527 2663 haud
542 2622 586 2663 sine
600 2622 693 2675 pondere
708 2623 778 2676 relata,

97 2707 152 2736 nexu
166 2694 247 2736 interno
264 2696 360 2747 adiuncta
374 2696 471 2738 continet.
494 2696 520 2737 cf.
535 2695 580 2737 Am.
590 2697 619 2749 V,
639 2695 665 2736 lt
682 2699 702 2737 et
715 2696 779 2738 bene-
