1792 3089
325 129 367 166 11.
379 128 412 176 ru,
424 144 439 165 v.
451 130 468 168 a.
539 164 541 166 .
670 151 678 186 3
708 132 741 173 91⁴
775 132 777 135 ¹

56 238 96 278 tius
115 235 185 279 salutis
206 238 237 276 est
257 233 321 275 verbo
342 234 418 276 domiui
437 248 484 276 cum
501 233 542 274 fide
560 233 686 287 auscultare,
709 233 737 274 ita
778 228 781 231 ⁴

57 312 122 353 omnis
136 309 235 365 perniciei
249 309 295 356 fons
311 312 348 360 est,
363 309 415 350 illud
429 312 566 350 contemnere.
577 328 606 337 -
620 303 671 358 Hip:
686 307 743 349 sub--

56 385 140 426 audiunt
153 384 246 437 plerique
262 396 308 423 1111
322 382 402 424 Chald:
417 385 525 424 servorum
540 393 631 432 suorum,
645 382 736 434 prophe-

57 462 128 509 tarum,
143 469 215 498 verum
228 469 315 508 prorsus
330 456 380 496 nihil
395 456 557 498 subaudiendum
572 457 609 505 est,
625 467 688 508 quum
698 467 736 494 no-

57 531 89 572 bis
104 542 193 584 quoque*
206 529 302 580 sufficiat,
324 529 341 570 si
357 529 402 583 quis
418 529 491 570 dicitur
509 542 552 569 non
570 527 736 578 obediens'esse,

1 633 2 655 3
59 605 115 660 quod
128 604 200 645 vitium
213 602 350 644 necessariam
365 616 390 644 ex
404 616 460 644 nexu
474 602 621 645 sententiarum
636 601 738 642 delinitio-

1 672 2 675 *
58 691 106 719 nem
120 678 198 731 accipit.
221 687 234 715 3
250 677 339 718 ostendit
352 690 395 718 non
410 678 475 718 solem
490 678 615 719 auditionem
630 676 738 729 cogitatam

59 764 110 802 esse,
126 751 219 792 sedeam
234 763 285 803 quae
300 750 417 803 acquiescat
432 750 583 804 quodammodo
598 749 738 790 1111111111-

58 824 111 875 dito,
126 827 187 876 atque
201 822 255 863 iacto
270 826 375 875 appareat,
392 823 416 863 cf.
431 824 493 863 Dent.
508 821 582 873 XXVI,
598 822 632 862 13.
647 844 674 851 -
698 822 740 872 Qui

61 897 114 937 dicto
129 909 172 937 non
186 895 271 946 audiens
285 899 367 949 peccat,
383 895 513 949 castigandus
528 898 568 946 est,
584 906 647 949 quare
661 894 682 933 11
697 906 739 948 quo

60 970 207 1025 aliquantulum
220 969 295 1011 restitit
308 969 396 1024 pietatis,
412 970 429 1012 is
444 973 528 1024 peccata
544 969 651 1010 confessus
666 967 739 1022 poeniss

69 1044 142 1084 entiam
161 1044 211 1096 agie
232 1044 282 1085 urbs
300 1056 351 1085 vero
369 1056 413 1085 non
432 1044 518 1097 suspicit
535 1054 588 1087 1111
606 1042 739 1096 disciplinam,

61 1130 112 1170 quae
130 1130 172 1158 vox
186 1116 252 1157 rarius
272 1117 345 1157 usitata
360 1117 520 1158 Proverhiorum
534 1116 588 1157 libro
602 1116 687 1170 propria
702 1120 739 1166 est,

0 1176 4 1189 ⁵
61 1189 85 1229 cf.
98 1189 159 1228 Prov.
170 1187 243 1239 XXIV,
259 1190 292 1240 32,
309 1190 381 1230 deinde
396 1190 421 1229 ab
436 1190 525 1230 Ieremia
539 1193 643 1241 usurpata,
659 1189 694 1242 qui
707 1193 740 1229 to-

60 1264 103 1301 tum
122 1261 162 1301 hoc
176 1260 324 1302 hemistichium
338 1262 412 1316 repetit
426 1261 478 1313 VII,
494 1263 571 1303 21-
595 1261 660 1314 Urbs,
680 1260 741 1301 disei-

59 1334 136 1388 plinem
153 1347 197 1376 111
215 1334 317 1388 accipiens
334 1337 356 1378 in
375 1337 425 1389 deo,
445 1350 506 1391 quem
520 1335 625 1389 peccando
644 1334 741 1388 neglexit,

60 1408 155 1448 fiduciam
169 1421 248 1462 ponere
262 1410 343 1463 nequit,
359 1424 422 1464 qnare
436 1409 586 1463 promissiones
601 1408 645 1449 eius
660 1408 742 1461 amplis-

62 1480 122 1521 simas
141 1494 184 1522 non
204 1482 342 1535 amplectitur,
364 1484 401 1524 sed
418 1496 469 1525 vero
490 1483 534 1536 spei
552 1482 685 1523 fundamento
699 1481 742 1522 der.

61 1552 126 1604 XVII,
142 1556 154 1595 7
169 1555 248 1605 1111111
263 1555 336 1596 falsum
348 1556 433 1608 jaciens,
447 1556 481 1597 vel
494 1568 591 1596 manuum
606 1567 690 1595 suarum
704 1554 742 1607 fig-

61 1625 145 1677 mentis,
159 1625 227 1677 idolis,
242 1626 276 1666 vel
289 1628 394 1668 hominum
408 1627 491 1679 auxilio,
505 1626 660 1681 Aegyptiorum,
675 1626 742 1680 Assy-

62 1699 141 1741 riorum
158 1700 233 1742 virtute
248 1700 324 1743 nititur.
347 1696 405 1754 111,
421 1703 455 1743 12.
474 1725 500 1735 -
529 1702 572 1742 Hac
586 1704 654 1742 autem
669 1701 743 1755 agendi

62 1775 142 1816 ratione
161 1775 221 1816 deum
239 1788 282 1816 non
299 1776 385 1830 emplius
401 1776 461 1818 deum
479 1775 581 1829 agnoscih
600 1776 636 1830 qui
650 1776 742 1830 quamvis

3 1853 6 1874 ⁵
62 1850 107 1902 ipse
122 1862 144 1890 se
159 1848 206 1890 urbi
220 1848 281 1905 deum
296 1849 415 1902 obtulisset,
429 1851 477 1891 Lev.
488 1847 561 1900 XXVI,
577 1849 615 1900 12,
629 1850 742 1891 innumeris

63 1920 167 1962 beneficiis
182 1922 256 1962 foedus
270 1926 320 1963 1111
333 1924 396 1965 ictum
410 1924 552 1965 confirmasset
566 1921 646 1976 sibique
661 1936 743 1976 semper

64 1996 169 2047 acceptum
179 1995 302 2037 remansisse
316 2009 340 2037 re
354 1996 399 2050 ipsa
414 1994 545 2047 exhibuisset,
555 1996 623 2035 tamen
637 2009 650 2035 1
663 1995 743 2050 populo

63 2067 90 2109 ita
98 2074 179 2123 spretus
192 2073 223 2111 est
234 2074 295 2125 atque
306 2073 509 2123 1ο11111111,11111
518 2069 626 2112 accederet
634 2070 660 2111 ad
669 2070 743 2124 ipsum,

65 2145 118 2186 sicut
131 2158 168 2199 par
183 2148 232 2196 erat,
246 2145 327 2186 veniam
339 2149 419 2199 petens,
433 2145 468 2198 pie
481 2144 561 2196 vivens,
577 2144 657 2186 sincere
666 2145 743 2197 colens,

65 2218 102 2259 sed
122 2219 215 2272 neglecta
237 2219 327 2260 foederis
349 2219 481 2269 condicione,
505 2218 672 2259 coniunctionem
690 2219 744 2261 inter

3 2298 19 2349 ξ’
65 2291 124 2332 deum
137 2296 157 2332 et
169 2291 270 2344 populum
285 2292 394 2333 dirimeret.
422 2292 453 2332 Ita
468 2304 520 2344 quae
534 2292 575 2333 v.1
590 2291 611 2331 11
625 2292 744 2334 universnm

1 2406 3 2418 ff
65 2367 122 2405 erant
133 2364 255 2418 praedicata,
269 2365 374 2419 praeclare
387 2364 521 2418 explicantur,
532 2378 596 2420 quum
606 2368 663 2407 vales
675 2366 701 2406 ah
712 2366 744 2408 11-

1 2432 3 2445 *
64 2438 113 2479 iimo
130 2439 211 2492 pietatis
230 2440 295 2493 gradu
311 2440 410 2494 incipiens
425 2442 491 2480 totum
505 2439 578 2494 populi
591 2439 682 2482 habitum
696 2454 744 2494 per-

1 2535 2 2540 =
65 2524 154 2564 sequens
168 2514 241 2555 foedus
256 2519 339 2568 ruptum
354 2528 400 2556 esse
415 2514 547 2556 demonstret.
571 2515 603 2556 Eo
613 2515 745 2567 magnificem

64 2582 105 2623 tior
121 2587 152 2624 est
165 2587 229 2637 gratia
239 2588 278 2639 dei,
293 2602 345 2642 quae
355 2587 486 2629 nihilominus
493 2588 582 2629 rebelles
592 2591 681 2629 revocat.
703 2597 743 2638 :up

67 2655 92 2696 cf.
107 2655 148 2696 des.
163 2656 258 2711 XLVIII,
274 2660 306 2702 16.
322 2659 399 2713 LVIII,
415 2661 434 2702 2.
450 2663 470 2701 et
483 2660 526 2702 Jac.
540 2660 581 2712 IV,
597 2660 616 2701 8.
