1792 3089
134 117 161 159 10
389 115 432 151 ΠΛΡ,
444 116 462 158 Ι,
474 128 490 152 ν,
502 115 559 153 4-6.

133 222 237 274 aspectum
256 220 282 261 ad
301 223 355 262 astra
373 221 496 275 apertiorem
519 221 664 275 praebentibus
686 223 736 264 deos
759 223 816 263 oole-

133 294 192 343 bant,
211 294 322 348 praecipue
340 294 442 335 suffitibus
459 295 501 337 Jer.
513 296 581 349 LXV,
597 297 626 349 3.,
645 297 687 338 Jer.
696 297 757 349 XIX,
773 297 813 349 13„

135 368 228 421 XXIIII,
244 369 289 419 29.;
308 382 380 410 veruuo
395 369 454 410 etiam
469 370 574 412 sacrifieiis
588 371 613 412 ll.
624 371 674 425 neg.
683 371 763 422 XXIII,
776 371 815 420 123

134 444 158 486 of,
169 442 270 485 Bordurd.
280 444 363 484 HieroZ.
372 444 394 495 t,
405 456 451 497 pag.
461 445 509 486 700.
531 445 650 486 Tdeorloret.
659 439 698 484 ἐπὶ
712 441 756 484 τῶν
771 441 815 483 dro-

133 508 210 568 pdrrov
234 510 275 564 τοὶς
296 511 380 566 dautur
402 513 554 574 ποοςέφερον,
583 510 742 575 ἀκριβέστερον
763 512 816 566 τοὺς

134 581 180 629 aar³
197 580 292 644 οὐρανὸν
307 588 429 646 properique
442 583 496 645 ὁρᾶν
510 587 626 646 ἐφιέμενοι
636 615 664 621 -
675 588 747 633 urorum
760 590 816 633 nusi)

133 663 252 704 Exercitum
264 665 319 706 huuc
332 665 391 718 coeli,
407 665 465 708 onius
480 666 589 720 appellatio
604 680 629 707 ex
644 667 696 708 Gen.
705 666 730 716 ll,
746 668 764 706 1.
781 666 816 706 de-

133 737 224 789 rivanda,
239 751 265 779 ne
281 738 349 780 oolaut
359 739 439 791 Iudaei,
454 741 509 780 Dent
522 741 561 790 lv,
576 741 602 781 tt]
617 743 677 783 vetat
706 739 815 794 Oppositio

135 812 230 866 profecto
246 813 374 866 grauissima,
393 814 471 868 populo
486 818 595 874 postquam
608 815 687 855 Ielrova
700 814 771 855 mundi
782 815 817 867 ju-

136 886 175 927 dex
191 886 311 941 descriptus,
327 901 377 929 suos
392 888 442 929 deos
457 901 578 941 proponens
590 889 681 929 delrovae
696 892 815 929 creaturam.

135 983 162 990 -
178 971 216 1003 nnn
234 962 340 1003 notionem
355 961 467 1016 particulae
482 972 490 1007 u
506 961 657 1015 explieativam,
675 975 735 1015 quam
749 965 817 1002 verte·

134 1034 208 1075 rimus:
225 1039 245 1075 et
260 1048 296 1076 eos
312 1035 403 1089 quiderm,
420 1035 445 1076 of.
458 1037 501 1076 Em
515 1035 603 1077 Gramm.
613 1035 659 1086 maj¹
670 1048 691 1087 p.
702 1035 743 1074 650
758 1047 815 1089 sequ.

135 1130 161 1138 -
176 1105 288 1152 urrunnun
302 1108 375 1149 Maur.
393 1108 489 1149 subaudit
507 1121 595 1163 sequens
612 1108 713 1159 Jehovae,
734 1112 754 1149 at
771 1121 817 1149 oum

135 1181 261 1222 constructio
267 1213 272 1233 ,
293 1195 353 1236 quam
367 1182 525 1236 proposuimus,
545 1181 632 1236 simplex
645 1185 755 1235 repugnat,
774 1185 818 1223 tum

134 1255 184 1295 haec
200 1254 290 1297 definitio
305 1260 408 1298 astrorum
423 1256 487 1298 cultui
502 1255 597 1310 opposita
609 1255 660 1296 tanti
673 1255 771 1296 momenti
785 1256 817 1296 fo-

134 1332 176 1380 ret,
197 1332 221 1369 ut
235 1329 300 1370 omitti
317 1343 360 1371 non
378 1334 455 1383 posset.
470 1351 497 1358 —-
512 1325 571 1372 nuum
587 1331 728 1371 constructum
742 1341 816 1371 oum:

135 1406 166 1444 est
181 1403 253 1455 jurare
269 1416 308 1456 per
326 1404 424 1459 aliquem
446 1416 492 1444 oum
511 1398 523 1444 Β
538 1403 609 1455 jurare
629 1402 700 1455 alicui,
718 1404 765 1455 jure
782 1404 817 1456 ju·

134 1476 200 1517 raudo
215 1489 238 1517 se
253 1476 272 1517 ei
287 1477 424 1532 obstringere3
444 1475 547 1530 aptissime
565 1476 668 1529 posterius
683 1480 739 1518 vates
753 1477 816 1518 Jeho-

134 1563 172 1591 vae
195 1549 294 1602 vindieat,
319 1550 351 1592 oui
371 1551 461 1592 Judaeus
483 1549 625 1605 uuusquisque
647 1549 758 1592 obstrietus
780 1555 817 1602 est,

135 1637 198 1678 quum
217 1624 284 1666 oultus
302 1624 337 1665 ille
355 1625 459 1666 idolorum
476 1624 560 1665 accedet
577 1627 665 1676 tautum,
684 1623 737 1665 siout
748 1624 816 1677 jusju-

134 1698 221 1739 randum
234 1711 272 1751 μοι
286 1711 330 1740 ram
344 1699 487 1753 hominemque
500 1697 605 1739 hincinde
617 1698 748 1751 petituu1.—-
761 1695 817 1741 unus

134 1772 191 1812 Hem.
206 1771 256 1825 legit
270 1771 365 1825 illimem,
385 1774 422 1814 sed
435 1771 570 1826 praeferende
589 1775 619 1813 est
633 1772 735 1826 scriptura
748 1772 818 1814 Ilaso-

135 1848 224 1886 netarum
239 1846 361 1900 appellatiVa
380 1851 400 1888 et
413 1836 500 1901 propter
513 1846 677 1900 paronomasiam
690 1846 731 1887 vati
745 1849 818 1887 nostro

135 1920 247 1961 adamatam
266 1924 286 1961 et
301 1921 358 1974 quod
375 1934 413 1962 rex
427 1921 529 1975 ipsorum,
549 1933 609 1975 quem
625 1919 697 1973 populi
709 1919 764 1960 eires
779 1919 819 1961 sibi

137 1994 252 2047 elegerunt,
270 1993 323 2035 bene
339 1995 451 2048 opponitur
465 1994 566 2046 deborae,
587 1994 622 2048 qui
636 2007 708 2047 regum
721 2007 759 2034 rex
773 1994 817 2034 foe-

136 2069 185 2108 dere
205 2081 243 2109 suo
262 2069 352 2109 Judaeos
374 2069 412 2110 sibi
433 2069 544 2120 conjunxit.
580 2067 694 2109 Afferamns
713 2071 818 2121 postremo

136 2155 209 2183 versus
224 2142 290 2183 nostri
302 2142 422 2182 sententiam
433 2141 546 2182 seeundum
557 2142 713 2183 Theudoretum:
730 2133 820 2181 ἀπειλεῖ

135 2210 208 2258 ιόινυν
228 2207 321 2255 κόλασιν
339 2213 388 2263 τοῖς
408 2209 464 2254 κοινὰ
481 2206 573 2263 τοῦτον,
596 2208 652 2254 κοινά
670 2226 694 2254 rs
708 2211 750 2254 νοῦ
764 2207 819 2269 ἅλη-

135 2286 185 2336 arog
199 2286 258 2328 θεοῦ
273 2285 312 2329 καὶ
327 2284 405 2344 κυρίου
421 2281 477 2327 κοινά
488 2299 513 2327 τι
524 2284 568 2326 uuir
583 2279 682 2327 stertitur
694 2279 820 2342 ὀμνύουσιν,

137 2367 157 2404 et
166 2362 253 2404 verlmm
264 2362 320 2403 Eliae
332 2362 397 2404 simile
408 2364 422 2404 l.
434 2363 485 2416 Reg.
494 2362 571 2414 XVIII,
583 2362 620 2403 21:
637 2364 752 2417 Quousque
764 2363 820 2405 olau-

138 2436 209 2478 dieatis
224 2437 246 2477 iu
261 2436 310 2477 duas
325 2439 407 2490 partes?
434 2437 456 2477 Si
471 2436 549 2477 dehova
565 2440 595 2478 est
610 2438 667 2488 deus,
682 2438 737 2478 huno
752 2439 820 2491 sequi-

136 2511 192 2563 mini,
207 2510 226 2552 si
239 2523 289 2551 vero
302 2510 358 2562 Baal,
373 2512 427 2552 huno
442 2510 559 2565 sequimini!
581 2512 639 2552 Deus
655 2511 708 2551 enim
724 2515 754 2552 est
769 2511 819 2553 deus

137 2585 246 2638 zelotypus
266 2587 286 2625 et
305 2585 370 2625 omnis
389 2584 471 2638 partitio
492 2583 551 2624 simul
572 2587 603 2624 est
621 2583 718 2627 laceratio
736 2586 821 2640 legitimi

139 2659 216 2712 ‹mltus7
232 2659 268 2713 qui
282 2661 348 2700 totum
363 2670 399 2703 cor
414 2661 521 2712 totumque
536 2657 623 2699 animum
638 2658 718 2712 flagitat.
