1792 3089
338 153 380 187 car.
393 151 421 195 Π,
436 165 451 186 v.
464 150 481 188 6.
725 155 753 195 53
775 191 777 203 2
837 178 840 183 .

67 259 127 301 nibus
147 260 216 309 firma,
237 256 360 310 palatiorum
379 256 486 297 structuris
506 254 624 308 magnifica,
644 257 752 298 hortorum

24 374 26 392 s
67 336 165 387 apparatu
179 329 328 381 anroenissima,
343 330 370 370 ita
384 333 481 391 vastatur,
496 332 519 370 ut
532 329 652 382 sitprorsns
663 330 751 380 deserta,

68 410 88 447 et
102 405 120 446 si
134 406 169 459 qni
183 404 226 444 illic
239 402 369 455 invenientur
387 403 490 455 homines,
510 406 570 444 erunt
590 405 667 443 tantum
681 407 751 456 pasto-

68 493 101 521 res
117 479 172 531 vagi⁷
192 478 267 531 qnippe
287 477 322 531 qui
340 477 361 517 in
379 478 464 530 regione
479 476 553 518 incolis
568 489 642 528 vacua,
661 490 701 531 qna
715 490 752 517 ue-

69 566 108 606 qne
124 555 195 592 serunt
209 563 277 603 neque
291 554 375 601 metunt,
390 564 467 604 pasena
480 551 586 592 inveniant
597 546 751 603 gregibns'snis

67 625 177 678 locumque
196 623 260 664 caulis
281 623 413 665 collocandis.
430 647 456 655 —
475 634 537 667 autur
556 623 602 664 fem.
617 636 685 677 neque
704 623 751 663 inde

69 696 221 751 explicandum,
240 697 296 749 quod
308 692 349 737 ‘iau
365 696 391 737 sit
404 698 445 737 hoc
458 696 507 738 loco
522 697 568 737 tem.
584 696 665 749 generis
681 695 752 747 (ersa
774 724 776 727 .

4 821 9 828 .
67 772 120 821 iiiia,
135 769 247 821 maraldus),
263 769 310 823 qnia
325 782 406 823 semper
421 774 452 811 est
466 782 535 820 masc,
550 782 618 823 neque
630 769 687 823 qnod
702 782 752 810 con-
805 805 807 808 ,

68 847 158 885 struatur
177 857 223 884 cnm
240 842 358 896 praedicato
377 848 457 885 remoto
476 841 579 896 (Manu),
598 842 635 883 sed
653 845 684 883 est
703 855 753 882 eon-

3 900 7 915 'k
69 917 154 959 structio
174 917 200 956 ad
218 930 312 967 sensum)
334 930 381 957 cnm
399 920 456 957 vates
475 920 547 969 pergat
565 916 590 955 de
610 915 681 955 eadem
698 919 753 955 terra

69 1003 139 1043 agere,
160 1003 220 1043 qnam
239 990 260 1030 in
274 990 315 1030 fine
331 991 433 1043 v.5ge11.
449 990 494 1030 fem.
510 989 661 1040 nominaverat,
678 992 697 1028 et
711 984 752 1030 ‘tau

69 1063 219 1117 quodammodo
238 1075 377 1116 epexegeseos
395 1063 444 1103 loco
463 1063 554 1104 additum
573 1062 604 1103 sit.
620 1084 647 1093 -
663 1072 697 1105 art
717 1061 753 1101 de-

69 1136 175 1177 rivandum
190 1150 202 1175 a
216 1146 251 1180 aar
266 1136 312 1177 Job.
323 1138 382 1187 VIII,
398 1137 420 1187 6,
441 1136 497 1190 qnod
511 1136 565 1177 idem
580 1149 604 1175 ac
619 1144 657 1196 apg
671 1134 704 1176 vel
719 1148 752 1175 se-

70 1210 106 1250 des
125 1213 156 1250 est
174 1213 234 1262 atque
251 1209 348 1249 habitatio
366 1209 471 1249 hominnm
488 1209 523 1250 vel
541 1221 651 1262 pascuum,
670 1209 692 1248 in
710 1221 752 1262 qno

70 1294 142 1335 greges
157 1282 299 1335 requiescunt,
315 1282 339 1322 cf.
349 1282 391 1322 Jes.
403 1282 470 1333 LXV,
487 1283 521 1323 ro.
554 1281 593 1321 Hic
607 1280 643 1322 ubi
658 1281 753 1321 deterre

70 1356 167 1397 vastanda
183 1352 250 1407 'agitur
270 1358 301 1395 est
320 1367 424 1407 pascuum.
440 1379 468 1386 -
486 1363 527 1394 aaa
542 1353 612 1395 multis
628 1355 753 1407 conjecturis

69 1429 139 1470 locum
153 1428 214 1468 dedit.
248 1428 327 1468 Vocem
341 1428 407 1480 ipsam
420 1426 508 1479 legimus
522 1429 541 1468 ll
551 1427 602 1480 Reg.
612 1428 653 1479 Vr,
673 1428 701 1468 23
715 1441 754 1477 no-

70 1503 126 1543 tione
148 1500 265 1554 epnlarnm,
288 1514 338 1554 quas
358 1500 430 1541 Mam.
450 1500 533 1552 retinet,
555 1505 648 1542 vertens:
670 1515 755 1565 pascua,

72 1573 144 1627 epulae
158 1576 263 1626 pastorum
279 1577 298 1614 et
313 1577 371 1626 septa
386 1573 464 1625 oxima,
483 1587 546 1627 qnnm
561 1575 634 1627 epulae
647 1577 755 1626 pastorum

71 1648 112 1689 sint
127 1646 199 1699 epulae
214 1659 308 1699 gregum,
329 1659 381 1700 quos
399 1651 487 1699 pascunt
500 1651 605 1699 pastores3
626 1651 646 1688 at
661 1649 753 1702 quamvis

72 1720 148 1772 llReg.
164 1719 250 1759 comiter
264 1731 303 1759 nos
319 1718 390 1760 invitet
404 1720 497 1761 adhunc
513 1719 619 1773 epularum
633 1734 704 1772 nsnm,
723 1725 754 1761 ta-

70 1806 117 1834 men
130 1806 234 1846 nunquam
247 1792 341 1845 profecto
356 1798 450 1846 pastores
464 1794 496 1834 his
512 1794 604 1835 contenti
617 1795 693 1835 fuerint
703 1808 753 1848 epu-

71 1867 106 1918 lis,
126 1880 229 1920 nunquam
243 1870 300 1908 vates
319 1880 396 1920 pasena
410 1868 437 1908 ita
453 1868 590 1921 descripserit.
620 1868 701 1910 Deinde
716 1869 754 1909 mi-

71 1953 110 1981 nus
125 1944 171 1993 apte
185 1944 240 1981 terra
253 1940 298 1993 ipsa
311 1941 428 1982 nominatur
447 1941 517 1982 caulae
533 1942 612 1993 ovium,
634 1956 697 1996 quum
711 1955 755 1983 non

71 2018 126 2054 terra
139 2014 183 2066 ipsa
198 2014 219 2053 in
234 2014 302 2054 caulas
317 2015 413 2055 mutanda
428 2015 460 2066 sit,
476 2016 512 2056 sed
528 2015 599 2056 caulae
613 2016 634 2056 in
649 2020 705 2057 terra
715 2017 755 2058 eri-

72 2087 160 2140 gendae,
180 2100 242 2140 quare
261 2097 294 2131 ur:
313 2102 360 2128 cnm
377 2089 470 2144 utrisque
490 2091 657 2145 conjungendum
676 2095 716 2143 est,
736 2096 756 2132 et

72 2159 136 2202 caulis
151 2159 220 2201 ovium
238 2164 258 2202 et
271 2173 312 2202 aaz
326 2166 444 2215 pastorum,
465 2168 553 2219 suntque
568 2179 654 2219 pascua,
674 2166 696 2206 in
711 2165 756 2220 qni-

72 2235 111 2276 bus
131 2239 151 2275 et
168 2238 261 2288 pastores
281 2239 301 2276 et
320 2249 369 2277 eves
387 2237 457 2278 locum
475 2237 535 2296 snum
553 2240 634 2281 habent.
663 2238 705 2281 Alii
719 2253 756 2280 an-

71 2312 113 2349 tem
134 2309 181 2350 voci
202 2320 256 2371 upa,
278 2310 414 2364 intelligentes
437 2312 508 2365 epulas
530 2315 594 2355 nexui
615 2313 673 2355 nullo
693 2314 755 2355 mode

73 2383 193 2434 convenire,
217 2383 277 2425 aliam
298 2385 404 2426 notionem
427 2386 520 2428 tribuunt
546 2389 625 2438 Geren,
653 2387 705 2429 Win.
727 2387 756 2428 ci-

73 2461 197 2510 sternarum,
219 2458 330 2500 derivatam
347 2473 372 2501 ex
390 2474 430 2501 usu
447 2460 508 2501 verbi
526 2462 578 2503 Gen.
590 2460 668 2514 XXVI,
687 2463 715 2502 25
731 2461 756 2501 de

72 2533 135 2584 pnteo
151 2532 210 2581 dicti;
232 2536 252 2572 at
269 2533 357 2586 primum
371 2534 418 2575 hnic
437 2536 484 2576 usui
501 2536 595 2589 exempla
612 2548 654 2576 non
669 2534 756 2575 ailernu-

73 2609 117 2655 tur,
137 2605 209 2645 deinde
227 2620 270 2647 non
288 2612 383 2661 apparet,
404 2622 441 2650 eur
459 2610 560 2651 cisternae
575 2609 705 2650 nominentur
719 2622 756 2661 pa-

74 2684 161 2729 storum,
182 2680 257 2734 quippe
277 2695 329 2736 qnae
348 2695 390 2723 non
409 2683 527 2736 pastoribus
546 2683 622 2734 solum,
641 2683 679 2723 sed
697 2682 757 2724 etiam
