1792 3089
285 151 287 155 '
322 165 366 200 cic.
379 164 405 208 n,
417 179 432 199 v.
444 164 460 201 9.
704 167 731 208 63

10 289 12 291 ·
53 268 134 324 quidem
148 281 234 324 prorsus
250 269 347 329 conuenit
360 272 475 324 temporum
486 269 571 320 rationi;
586 269 670 312 Davidis
679 269 733 311 enim

53 347 118 385 aetate
132 348 234 385 astrorum
249 341 316 384 cultus
327 343 391 396 magis
400 343 504 398 magisque
512 344 589 384 florens
598 343 657 384 etiam
666 343 733 384 lsrae-

53 417 94 459 litis
109 418 178 472 coepit
191 416 321 471 periculosus
337 430 388 469 esse,
404 430 467 472 quare
476 417 516 459 riri
528 417 558 471 pii
571 416 622 457 nihil
630 416 733 470 antiquius

53 491 163 545 habebant,
181 504 241 547 quam
255 495 278 533 ut
291 492 370 546 populo
385 491 497 533 exercitum
512 490 566 531 coeli
580 489 657 532 colenti
670 489 733 531 Jeho-

54 579 100 607 vam
119 569 271 620 proponerent,
293 579 336 607 non
355 566 417 607 modo
438 565 542 606 stellarum
562 565 674 616 exercitus,
697 564 734 606 sed

55 640 145 682 omnium
160 639 286 681 exercituum
300 638 407 694 imperimn
421 643 529 690 tenentem,
544 638 645 692 populum
656 652 668 679 a
678 638 735 681 cultu

1 697 6 750 i
55 719 195 755 creaturarum
209 713 235 753 ad
248 713 319 755 mundi
337 715 450 756 creatorem
468 713 563 754 erecturi.
588 711 682 764 Augetur
699 725 735 753 au-

56 791 97 828 tem
110 801 160 829 usus
174 801 250 829 vocum
265 786 326 828 simul
341 800 387 827 cum
395 787 549 840 ingravescente
560 789 663 827 astrorum
671 786 735 836 cultu,

4 899 5 908 ,
56 861 113 916 qnod
119 862 225 915 apparebit
232 861 358 915 comparanti
364 860 457 902 Psalmos
465 864 526 914 atque
533 860 652 913 prophetam
663 859 737 900 deinde

8 961 9 964 =
56 935 77 976 in
91 936 197 989 prophetis
211 934 321 987 Amosum,
339 934 437 986 Jesaiam,
452 933 570 985 Jeremiam,
586 932 702 974 Sachariam
717 936 737 973 et

55 1009 180 1051 Malachiam.
204 1010 274 1064 Magni
288 1012 355 1050 autem
370 1013 401 1050 est
414 1008 522 1060 momenti,
538 1007 595 1063 quod
608 1007 687 1061 Jehova
701 1019 737 1048 ex-

0 1099 4 1127 i
57 1083 157 1125 ercituum
170 1084 259 1124 aJesaia
273 1084 294 1124 in
308 1082 379 1136 priore
394 1081 536 1123 vaticiniorum
550 1085 608 1135 parte
623 1081 692 1123 studio
703 1094 736 1122 sa-

8 1178 13 1205 4
58 1156 83 1197 tis
98 1156 208 1210 perspicuo
222 1159 342 1209 usurpatur,
359 1156 381 1196 in
394 1156 512 1210 posteriore
526 1169 576 1197 vero
591 1168 634 1196 non
649 1154 689 1207 pisi
703 1168 736 1196 se-

72 1231 111 1279 ies;
129 1231 150 1270 id
165 1230 221 1285 quod
235 1230 294 1271 facile
308 1229 428 1283 intelligitur
443 1243 469 1270 ex
483 1230 566 1270 alterius
581 1229 645 1282 partis
659 1228 736 1280 indole,

59 1304 135 1358 quippe
154 1304 187 1344 cui
205 1298 298 1358 ἐκλογήν
317 1303 382 1344 solam
396 1303 515 1356 respicienti
528 1303 635 1356 magnifica
648 1303 686 1343 hac
701 1303 737 1343 de-

70 1378 170 1431 criptione
190 1390 243 1430 opus
262 1389 306 1418 uon
323 1377 389 1417 fuerit.
424 1376 514 1417 Offendit
531 1390 582 1418 vero
601 1376 737 1428 Ezechielem,

2 1465 6 1487 r
58 1450 164 1492 omittendi
178 1450 231 1491 enim
247 1456 295 1492 sunt
308 1450 356 1491 Joel
370 1455 430 1505 atque
444 1450 518 1501 Jonas,
539 1463 626 1505 quorum
640 1450 689 1491 libri
702 1451 739 1491 mi-

58 1525 115 1566 noris
130 1527 208 1566 tantrnn
222 1525 309 1566 ambitus
323 1524 392 1566 traditi
402 1528 455 1576 suut,
470 1524 600 1566 Ezechielem
613 1524 676 1577 igitur
685 1538 738 1566 nun-

5 1618 10 1647 1:
58 1612 119 1651 quam
132 1598 170 1639 hac
188 1598 337 1650 significatione
351 1598 390 1647 uti;
410 1600 450 1639 hoc
465 1602 532 1639 autem
546 1599 594 1639 inde
609 1602 677 1639 ortum
692 1612 739 1650 esse

66 1671 144 1723 idetur,
160 1670 215 1725 quod
229 1670 331 1722 Ezechiel,
347 1671 400 1712 sicut
415 1684 440 1711 ex
454 1671 499 1713 aliis
515 1684 598 1726 quoque
612 1673 738 1725 argumentis

71 1749 144 1796 onstat,
159 1744 291 1786 Pentateuchi
305 1744 390 1797 vestigia
405 1744 478 1786 sedulo
492 1758 588 1799 premens
602 1746 655 1787 hanc
664 1758 738 1787 vocem

72 1818 177 1860 raesertim
193 1818 284 1870 evitavit,
300 1831 352 1872 quae
366 1818 411 1871 ipsa
425 1819 523 1872 temporis
537 1818 666 1871 posterioris
675 1820 738 1862 ratio-

74 1904 105 1932 em
124 1891 172 1933 olet.
200 1892 312 1946 Praecipue
331 1891 393 1945 igitur
411 1893 523 1934 tenendum
537 1897 578 1945 cst,
598 1892 686 1934 formula
699 1894 738 1934 hac

59 1969 79 2005 et
93 1966 137 2018 ipsa
151 1966 277 2018 confirmari,
293 1979 305 2005 a
319 1966 386 2019 primo
400 1966 500 2009 Samuelis
515 1966 569 2007 libro
584 1979 659 2009 novam
673 1967 738 2010 libro-

58 2051 104 2079 rum
118 2051 224 2080 sacrorum
238 2041 312 2080 seriem
326 2040 424 2093 incipere.

9 2101 16 2169 'k
102 2113 237 2166 Omnipotens
251 2116 318 2154 autem
331 2114 381 2155 deus
391 2115 518 2157 exercituum
526 2120 595 2169 potest
601 2116 644 2168 juri
652 2116 739 2158 iurando

59 2189 120 2238 stare,
134 2186 188 2228 idem
203 2192 256 2229 stare
270 2186 326 2240 vult,
336 2202 383 2230 nam
397 2194 429 2231 est
442 2186 511 2232 ‘taam
521 2188 572 2235 auhn
588 2190 639 2233 deus
651 2191 740 2242 Israelis,

60 2273 120 2313 quem
139 2260 177 2302 sibi
196 2260 256 2314 elegit
276 2266 296 2302 et
310 2263 344 2304 cni
357 2263 456 2307 Jehovam
471 2277 494 2305 se
508 2265 612 2307 revelavit.
642 2266 740 2321 Sequitur

58 2348 126 2386 poena
139 2335 190 2389 ipsa,
204 2336 292 2388 primum
306 2337 424 2390 perniciosa
438 2338 541 2391 gentibus,
557 2339 631 2381 deinde
645 2340 699 2392 laeta
708 2342 740 2382 ls-

60 2408 143 2451 raelitis.
172 2409 237 2451 Amos
251 2408 279 2462 ll,
296 2411 309 2450 2
326 2410 463 2453 Moabitarum
477 2411 540 2453 urbes
555 2413 602 2467 igne
617 2414 740 2456 comburen-

11 2509 12 2512 ¹
60 2480 95 2522 das
110 2482 240 2534 vaticinatum
255 2484 356 2540 ubiqucd
370 2487 434 2529 verbo
444 2485 578 2540 significetur,
594 2488 740 2542 Zephaniaex-

59 2554 126 2607 plicat.
147 2558 228 2599 Etenim
243 2559 299 2615 quod
313 2573 376 2615 supra
390 2561 416 2602 ad
430 2561 445 2612 l,
459 2561 473 2601 2
487 2561 576 2604 vidimus
590 2566 647 2604 vates
657 2562 678 2603 in
689 2576 739 2617 sup„

59 2629 125 2682 pliciis
140 2629 213 2673 divinis
228 2633 373 2688 depingendis,
394 2640 417 2676 ut
431 2648 500 2677 sermo
516 2627 542 2678 sit
555 2638 664 2679 nervosior
677 2642 739 2693 atque

60 2703 172 2758 efficacior,
194 2706 299 2749 coloribus
320 2710 349 2751 uti
364 2722 376 2749 a
390 2710 496 2763 suppliciis
515 2711 619 2764 prioribus
634 2712 739 2765 desumtis,
