1792 3089
308 146 351 182 GAP.
364 146 390 189 Π,
408 159 423 181 v.
436 145 452 182 9.
696 149 723 190 61

43 253 146 307 vellendo,
160 252 238 295 bellum
251 265 295 293 non
306 257 377 294 contra
385 252 487 294 israelitas
499 255 614 306 gesserunt,
629 251 666 293 sed
674 263 724 292 con-

44 331 75 370 tra
89 329 149 370 deunr
164 328 250 383 eiusque
265 327 370 369 decretum
381 332 492 369 ueternum.
516 326 571 367 Ecce
580 312 680 367 rationem
688 338 725 366 cin

44 404 111 445 Deum
125 402 227 444 audivisse
243 401 344 455 sufficiet,
358 406 381 443 ut
395 403 425 443 ire
441 402 484 443 eius
498 400 629 442 incendatur!

2 525 6 529 ,
87 492 106 519 v.
122 480 141 518 9„
170 477 306 530 ropsroptcr,
320 479 351 518 ito
365 478 438 527 osseos,
452 477 530 517 dictem
545 473 635 516 Jelsoooe
649 473 726 514 exerci-

46 557 114 602 tuum,
130 551 163 592 dei
176 551 266 600 Israelis,
280 555 304 590 ot
318 550 381 592 llffonb
395 552 436 591 erit
448 550 547 592 Sodomae
560 549 627 590 instar
641 553 662 589 et
676 546 726 589 Arn-

1 619 7 674 ᾗ
46 627 135 667 monitae
148 623 271 665 Gonzorrleoe
285 625 357 677 tostos,
368 625 463 679 possessio
477 625 558 664 urticae
572 629 593 663 et
599 623 680 677 fortino
693 635 726 662 so—

33 700 71 740 ’111
85 705 106 740 et
119 700 203 740 sortitos
217 699 240 737 os
250 703 381 750 perpetoom;
395 699 492 751 reliquisse
499 697 572 751 populi
580 698 621 737 ozei
629 696 727 749 diripient

48 787 79 814 eos
94 779 114 814 ct
127 774 243 826 superstites
255 773 323 826 geretis
333 786 389 813 essene
396 770 572 825 posss'deboosteos.
593 771 668 811 Parnm
678 782 729 822 pro-

50 848 118 889 desset
133 848 225 900 conspici
239 861 251 887 a
265 848 312 888 Deo
328 846 427 900 quidquid
442 846 519 898 patitur
533 845 623 898 populus
639 844 683 884 eius
698 844 729 884 in-

45 923 155 974 juriarum,
176 921 217 962 nisi
234 925 304 974 parate
324 923 378 962 esset
395 919 456 968 ulti05
478 921 535 960 Deus
555 922 623 960 eutem
640 923 730 960 nonest

50 997 129 1037 otiosus
144 995 270 1048 speculator,
287 994 322 1048 qui
337 994 434 1035 observet
447 997 535 1045 tanturn,
552 1006 603 1047 quae
618 992 728 1034 inmundo

5 1089 6 1109 ÷
49 1073 161 1121 gerantur,
174 1069 211 1109 sed
229 1081 308 1126 merces
327 1068 418 1121 reposita
438 1072 469 1109 est
483 1065 577 1109 onmibus
592 1067 669 1120 impiis,
689 1062 729 1119 131,

48 1142 95 1183 ideo
110 1142 202 1196 sequitur
215 1155 293 1195 poena,
310 1156 361 1196 qrree
377 1155 418 1196 quo
434 1143 509 1183 certius
523 1141 635 1194 flagitetur,
654 1154 679 1181 eo
695 1153 730 1181 so-

49 1215 130 1256 lennius
144 1215 298 1268 pronunciatur.
314 1238 341 1246 —
356 1217 413 1257 Deus
429 1215 541 1269 interponit
549 1214 692 1266 jusinrundum
707 1225 729 1256 11

51 1300 90 1332 us.
118 1291 175 1329 Deus
194 1289 250 1340 jurat
268 1288 329 1331 Nurn.
344 1290 404 1340 XIV,
420 1290 454 1331 21.
476 1291 537 1329 Dent.
552 1290 646 1340 XXXII,
664 1289 692 1328 40
712 1293 732 1328 61

51 1356 103 1401 ἐπεὶ
117 1354 167 1401 κατ’
185 1354 276 1408 οὐδενὸς
291 1352 336 1411 εἶχε
353 1356 456 1413 μείζονος
471 1353 565 1413 ὀμόσαι,
585 1352 660 1412 ὤμοσε
676 1353 730 1400 καθ’

2 1421 5 1432 ³
54 1429 135 1474 ἑαυτοῦ
150 1434 202 1476 Gen.
212 1436 284 1486 XXII,
300 1435 333 1476 16.
348 1434 410 1475 Hebr.
421 1434 457 1485 Vl,
473 1435 507 1486 13,
523 1435 631 1476 demittens
646 1448 678 1486 se,
694 1448 734 1489 que

55 1522 132 1549 srnnma
147 1513 178 1549 est
191 1508 341 1558 nrisericordia3
358 1508 449 1563 qnarnvis
464 1509 518 1549 enirn
531 1509 577 1562 ipse
591 1509 618 1550 sit
629 1508 704 1550 veritas
715 1512 735 1549 et

54 1582 215 1636 unumquodque
233 1581 344 1622 verborum
363 1582 406 1622 eius
421 1582 570 1633 iusiurandum,
589 1587 656 1622 temen
671 1596 734 1636 quum

53 1655 157 1705 homines,
173 1667 213 1708 qua
227 1659 275 1694 sunt
288 1654 359 1695 froude
374 1659 435 1708 atque
450 1655 571 1706 diffidentia,
587 1656 631 1696 inre
646 1656 733 1696 iurando

55 1728 175 1781 interposito
190 1728 235 1769 veri
250 1727 293 1768 sibi.
302 1727 410 1769 videantur
424 1729 531 1781 certiores,
545 1729 654 1769 formulam
666 1743 734 1771 secra-

55 1801 118 1841 rnenti
131 1801 260 1854 pronuntiet,
280 1815 349 1855 quens,
369 1803 404 1856 qui
419 1802 479 1843 deum
493 1815 542 1843 vere
558 1802 631 1856 diligit,
650 1804 685 1845 vel
698 1803 735 1844 ab·

56 1879 134 1915 sentem
153 1874 225 1916 adesse
241 1880 338 1928 expertus
353 1881 389 1917 est.
418 1876 464 1917 Jnri
475 1877 565 1928 jurando
580 1878 663 1929 pondus
678 1877 736 1923 affert

55 1947 73 1987 is
92 1948 127 2001 qui
141 1948 198 1998 jurat
217 1953 236 1988 et
254 1948 271 1989 is
289 1962 326 2001 per
341 1963 401 2002 qnenr
412 1951 505 2000 juratur,
525 1954 612 2004 uterque
627 1950 681 1991 idem
693 1952 736 2002 jam

57 2019 185 2071 describitur,
200 2022 235 2075 qui
247 2021 306 2062 facile
314 2026 389 2074 potest,
405 2023 440 2077 qui
448 2023 537 2065 libenter
545 2024 590 2065 nult
598 2025 700 2079 opitulari.
709 2049 736 2059 ι-

57 2093 133 2144 Potest,
146 2106 193 2134 num
208 2099 239 2136 est
253 2104 322 2138 ursas
337 2107 392 2140 ,1111
416 2097 552 2140 Gremrnntice
567 2100 695 2140 constructio
710 2100 738 2141 ita

58 2166 186 2219 explicanda,
206 2172 230 2208 nt
244 2181 270 2208 ex
283 2167 368 2209 notIone
383 2169 474 2213 Jehovae
489 2173 574 2226 speciali
588 2174 689 2228 generalis
704 2174 737 2215 dei

57 2239 115 2280 notio
130 2239 262 2283 subaudietur
277 2245 297 2282 et
306 2243 395 2301 proprie
410 2244 489 2288 dicatur
498 2257 567 2293 111111
576 2244 627 2290 1111·
637 2258 696 2299 ntur,
712 2249 737 2290 cf.

59 2313 101 2354 Jer.
117 2315 147 2365 V,
163 2315 196 2355 14.
216 2315 267 2367 XV,
283 2317 316 2356 16.
339 2318 363 2358 ct.
380 2318 449 2360 Geren.
465 2321 491 2361 ad
505 2322 547 2363 les.
562 2323 578 2374 l,
594 2324 614 2364 9.
629 2335 675 2376 pag.
691 2322 738 2364 157.

0 2429 2 2445 ,
59 2385 166 2428 Exercitus
180 2389 213 2430 hic
227 2389 315 2443 primum
328 2395 453 2433 memoretur
462 2394 513 2436 Gen.
522 2397 548 2448 Il,
560 2397 583 2436 1:
600 2401 619 2437 et
629 2391 681 2437 finiti
692 2400 740 2437 snut

1 2479 2 2486 1
59 2460 113 2501 coeli
132 2465 152 2502 et
165 2468 220 2503 terre
240 2468 259 2503 et
274 2464 340 2506 omnis
359 2466 460 2508 exercitus
476 2481 558 2520 ecrum5
577 2471 613 2511 nbi
628 2470 738 2525 quaeritur,

59 2537 127 2575 ntrunr
139 2537 241 2578 exercitus
253 2538 316 2579 coelis
329 2542 349 2580 61
360 2543 428 2580 terrae
441 2553 468 2582 an
479 2543 543 2585 coelis
557 2544 607 2586 solis
617 2544 738 2585 tribuendus

1 2627 5 2635 ·-
60 2607 91 2648 sit.
113 2608 205 2651 Priorem
214 2612 334 2653 sententiam
347 2617 462 2667 sequuntur
470 2619 597 2660 recentiores
607 2619 654 2659 ferev
661 2631 739 2670 ornnes,

60 2682 85 2723 cf.
96 2681 171 2723 Paeto·
178 2682 271 2738 Genesis,
287 2686 346 2728 Helle
356 2688 418 2740 1838,
433 2689 473 2732 nisi
488 2692 563 2733 suffixo
575 2692 667 2745 pluralis,
683 2693 739 2746 quod
