1792 3089
322 171 364 206 cn.
376 172 402 215 u,
419 184 434 207 v.
446 172 462 208 a.
475 170 491 207 5.
719 157 746 214 51

2 340 4 342 .
66 285 125 338 gonis
140 283 207 326 cultus
222 282 293 336 viguit,
308 294 355 323 arca
370 283 459 326 foederis
473 285 495 325 in
506 283 583 337 templo
592 284 685 338 Dagonis
695 296 746 325 con-

0 355 2 357 ’
65 360 134 401 stituta
149 362 192 400 erat
205 358 318 408 ISamV,
334 358 409 408 1-5;
425 359 509 400 Salonio
526 371 570 398 eam
584 358 665 412 subegit
679 358 746 416 IReg.

2 421 5 442 ³
65 434 104 485 lv,
119 433 157 484 24,
175 432 235 473 Usias
254 423 353 472 rebellem
367 432 496 486 recuperavit
510 433 530 490 ll
539 431 616 473 Olrrou.
626 432 709 482 XXVI,
724 417 747 480 6'3
768 433 771 438 '

64 508 150 560 posthac
169 505 190 546 in
207 504 322 547 libertatem
339 506 461 556 vindicatam
475 507 636 548 Psammetichus
654 508 703 559 post
716 504 747 546 vi-

0 636 2 638 v
64 582 114 635 giuti
126 593 201 622 novem
212 580 370 634 oppugnationis
382 595 447 624 annos
461 585 564 635 expugnat
570 581 646 623 Herod.
658 582 684 633 n,
698 580 746 627 157.

1 640 5 695 Ῐ.
64 656 165 697 Jonatban
179 654 314 696 Maccabaeus
330 668 374 695 eam
388 656 479 701 funditus
494 656 567 698 evertit
581 655 702 706 llllacc.X,
711 654 745 694 84.

63 730 109 770 Jain
126 729 208 788 ajebat,
226 729 306 782 Esdud,
327 734 358 770 est
375 743 440 784 pagus
458 743 544 784 parvus,
563 731 585 771 in
600 731 658 771 cuius
672 728 747 771 vicinia

3 856 5 859 ,
63 817 135 857 ruinae
150 816 244 856 feruntur
258 813 408 865 non·inveniri;
424 816 498 856 etenim
509 812 586 860 namna*
597 824 683 856 osanna.
702 815 746 856 lle·
811 866 813 870 Α

1 883 2 886 “
63 890 115 931 ridie
135 903 179 930 eam
198 888 273 942 expelli
291 891 318 929 ita
337 889 461 943 explicatur,
483 880 507 929 ut
525 888 604 946 invasio
623 888 659 929 fiat
677 893 747 942 aperta

33 1018 35 1020 q
62 965 93 1015 vi,
109 965 164 1005 claro
180 964 222 1015 die,
238 963 260 1003 in
274 962 365 1004 onnrium
380 966 503 1017 conspectu,
523 976 586 1017 quum
603 962 696 1004 homines
711 976 746 1004 so·
799 1000 801 1003 .

62 1037 117 1079 leant
130 1037 202 1091 vigiles
219 1050 272 1087 esse3
295 1037 426 1079 artificiosius
445 1037 499 1078 enim
517 1051 577 1091 quam
591 1037 660 1078 verine
674 1040 747 1090 putant

0 1095 1 1098 Ἴ
63 1125 108 1153 csse
128 1125 171 1153 eant
190 1111 230 1151 diei
247 1115 337 1164 partem,
358 1125 398 1170 qua
412 1112 499 1165 impetus
517 1110 597 1152 hostilis
612 1110 694 1152 minime
710 1125 746 1153 ex-

61 1189 164 1239 pectetur,
186 1185 262 1239 quippe
281 1198 322 1240 quo
337 1189 430 1240 tempore
446 1186 473 1227 ob
488 1185 570 1226 nimiam
585 1184 626 1226 illis
641 1184 663 1225 in
676 1186 746 1239 regio-

61 1259 121 1301 nibus
134 1262 203 1300 aestus
215 1259 362 1301 vehementiam
372 1272 445 1301 somno
455 1259 575 1313 indulgeant
589 1261 608 1300 ΙΙ
616 1259 670 1321 Sam
679 1260 714 1312 IV,
725 1261 745 1311 5,

61 1346 101 1373 nec
112 1332 187 1374 milites
198 1332 286 1374 libenter
298 1334 397 1386 impetum
407 1334 488 1374 faciant.
507 1334 531 1377 cf.
543 1333 556 1373 J
558 1347 584 1374 er.
596 1334 644 1385 XV,
657 1334 680 1382 8;
696 1334 746 1386 „ad-

63 1406 136 1447 ducam
150 1418 212 1458 snper
227 1420 263 1448 eos
278 1410 403 1448 vastatorem
416 1407 508 1458 meridie,
524 1406 596 1447 faciam
609 1410 633 1447 ut
646 1406 711 1447 irruat
725 1408 748 1448 in

62 1492 106 1519 eam
119 1480 218 1531 repente“
233 1481 257 1522 ef.
271 1482 310 1532 Vi,
326 1483 347 1521 4.
360 1482 383 1530 5;
402 1482 475 1522 eodem
489 1493 562 1533 sensu,
578 1493 619 1534 qno
634 1480 679 1522 aliis
693 1481 746 1523 locis

61 1553 149 1606 impetus
164 1554 260 1595 nocturni
274 1553 400 1594 mentionem
414 1556 491 1595 iaciunt
505 1555 530 1594 cf.
543 1554 643 1607 desXV,
660 1557 678 1596 1.
708 1556 746 1598 Est

61 1627 123 1679 igitur
137 1626 215 1666 invasio
233 1627 297 1668 hostis
312 1627 432 1668 validissimi
445 1627 560 1680 inopinata,
576 1628 701 1680 gravissima.
717 1653 744 1662 -

63 1708 122 1750 papi>
141 1699 268 1741 Baalsebulis
291 1700 360 1753 sedes,
383 1702 404 1741 in
423 1715 484 1755 qnam
501 1714 549 1742 arca
566 1701 656 1742 foederis
676 1701 744 1744 Azoto
797 1687 800 1690 ‚

61 1776 142 1824 portata
157 1773 166 1812 l
179 1773 270 1825 Samv,
287 1775 374 1826 7-10,
393 1775 492 1816 remansit
511 1788 593 1828 semper
610 1776 648 1816 sub
669 1776 746 1818 ditione
779 1785 781 1788 ’

61 1845 224 1887 Pliilistaeorum.
253 1847 355 1888 Jonatlrau
371 1848 447 1889 donum
463 1862 507 1890 eam
521 1849 601 1901 accepit
614 1849 640 1889 ab
655 1848 746 1891 Alexan-

59 1916 99 1959 vdro
117 1919 177 1971 Bala,
199 1920 300 1973 Syrorum
318 1935 373 1975 rege.
397 1922 468 1966 Eruet,
489 1923 510 1963 in
528 1927 628 1964 onomast.
644 1922 711 1964 affert:
730 1916 744 1979 ἦ

1 1985 3 2002 ⁵
61 1989 100 2032 aui
114 1988 163 2033 ἐστι
181 1991 218 2032 νῦν
237 1987 301 2049 κώμη
320 1990 413 2051 μεγίστη
424 1988 539 2037 Ἰουδαίων
550 1988 666 2051 Ἀκκάρων
681 1993 745 2050 tayo-

61 2061 116 2120 μένη
135 2057 246 2117 ἀνάμεσον
261 2059 360 2117 Ἀζώτου
380 2065 419 2109 καὶ
438 2060 549 2119 diapasoa
567 2066 607 2117 erg
626 2062 744 2125 ἀνατολῆς.

61 2162 90 2178 ,-
104 2150 161 2191 apsari
177 2153 228 2193 quae
247 2140 297 2182 urbs
316 2141 424 2185 arboribus
440 2143 546 2184 eradicatis
561 2148 680 2185 constructa
695 2150 744 2198 erat,

0 2203 5 2216 '‘
62 2213 132 2253 eadem
148 2213 248 2254 eradicata
263 2215 385 2259 destruetur.
415 2217 491 2259 Eadem
504 2218 555 2258 haec
570 2218 646 2271 oppida
665 2219 690 2259 of.
700 2219 743 2261 der.

62 2287 133 2338 xxv,
150 2288 177 2327 aa
193 2289 255 2329 exim
271 2290 375 2333 destinata.
736 2276 738 2278 ’

1 2349 7 2375 '³'
104 2373 123 2401 v.
138 2361 158 2400 5.
192 2362 232 2403 Vae
249 2364 321 2405 incolas
339 2369 418 2411 troctas
432 2363 542 2413 electranni,
557 2364 633 2417 populo
652 2364 745 2407 Cretaeo-

1 2422 4 2450 ἶ
61 2445 119 2483 ram,
137 2433 220 2476 verbam
237 2435 327 2478 Jetoaae
345 2451 406 2491 supter
422 2450 466 2488 eor,
490 2436 585 2489 Caranon,
607 2444 663 2479 terra
677 2439 747 2490 {Phila}

62 2511 170 2559 stauarum,
186 2514 206 2549 et
216 2510 304 2563 perdam
319 2516 348 2562 te,
363 2516 389 2552 nt
401 2524 443 2553 noa
456 2512 483 2551 sn
497 2511 571 2553 incola.
598 2511 630 2553 Ne
646 2501 745 2569 quosdam

62 2593 87 2620 ex
102 2580 216 2624 Plrilistaeis
232 2585 332 2627 exemisse
346 2586 440 2632 videatur
452 2588 520 2637 vates,
535 2600 583 2627 cuni
598 2588 744 2646 qrratuor'tan-

61 2658 104 2695 tum
119 2655 211 2698 civitates
228 2660 370 2713 nominaverit,
385 2673 440 2702 nunc
455 2672 519 2713 porro
534 2661 573 2702 toti
580 2660 745 2713 genttj'udieium

505 2729 517 2769 4
527 2730 540 2758 a
