<?xml version="1.0" encoding="UTF-8"?>
<!DOCTYPE html PUBLIC "-//W3C//DTD XHTML 1.0 Transitional//EN"
    "http://www.w3.org/TR/xhtml1/DTD/xhtml1-transitional.dtd">
<html xmlns="http://www.w3.org/1999/xhtml" xml:lang="en" lang="en">
 <head>
  <title>
</title>
<meta http-equiv="Content-Type" content="text/html;charset=utf-8" />
  <meta name='ocr-system' content='tesseract 3.04.00' />
  <meta name='ocr-capabilities' content='ocr_page ocr_carea ocr_par ocr_line ocrx_word'/>
</head>
<body>
  <div class='ocr_page' id='page_1' title='image "MN41908ucmf_1_0054.png"; bbox 0 0 1792 3089; ppageno 0'>
   <div class='ocr_carea' id='block_1_1' title="bbox 148 115 584 159">
    <p class='ocr_par' dir='ltr' id='par_1_1' title="bbox 148 115 584 159">
     <span class='ocr_line' id='line_1_1' title="bbox 148 115 584 159; baseline -0.011 -4"><span class='ocrx_word' id='word_1_1' title='bbox 148 129 213 159; x_wconf 79' lang='lat' dir='ltr'>xxxrv</span> <span class='ocrx_word' id='word_1_2' title='bbox 439 115 584 151; x_wconf 76' lang='lat' dir='ltr'>Paouacomur&#39;ra.</span> 
     </span>
    </p>
   </div>
   <div class='ocr_carea' id='block_1_2' title="bbox 151 207 888 1514">
    <p class='ocr_par' dir='ltr' id='par_1_2' title="bbox 151 207 888 1514">
     <span class='ocr_line' id='line_1_2' title="bbox 151 207 829 273; baseline 0.003 -14"><span class='ocrx_word' id='word_1_3' title='bbox 151 220 211 273; x_wconf 73' lang='lat' dir='ltr'>glum</span> <span class='ocrx_word' id='word_1_4' title='bbox 240 219 285 260; x_wconf 84' lang='lat' dir='ltr'>Jam</span> <span class='ocrx_word' id='word_1_5' title='bbox 300 232 350 261; x_wconf 91' lang='lat' dir='ltr'>vero</span> <span class='ocrx_word' id='word_1_6' title='bbox 365 232 407 261; x_wconf 87' lang='lat' dir='ltr'>uuo</span> <span class='ocrx_word' id='word_1_7' title='bbox 423 233 494 262; x_wconf 89' lang='lat' dir='ltr'>onmes</span> <span class='ocrx_word' id='word_1_8' title='bbox 509 233 546 262; x_wconf 91' lang='lat' dir='ltr'>ore</span> <span class='ocrx_word' id='word_1_9' title='bbox 561 219 700 271; x_wconf 86' lang='lat' dir='ltr'>consentiunt,</span> <span class='ocrx_word' id='word_1_10' title='bbox 717 207 829 261; x_wconf 84' lang='lat' dir='ltr'>enarratio-</span> 
     </span>
     <span class='ocr_line' id='line_1_3' title="bbox 151 292 830 347; baseline 0.001 -15"><span class='ocrx_word' id='word_1_11' title='bbox 151 305 197 333; x_wconf 85' lang='lat' dir='ltr'>nem</span> <span class='ocrx_word' id='word_1_12' title='bbox 212 292 268 333; x_wconf 91' lang='lat' dir='ltr'>illam</span> <span class='ocrx_word' id='word_1_13' title='bbox 277 294 542 346; x_wconf 78' lang='lat' dir='ltr'>grammatico-historicam</span> <span class='ocrx_word' id='word_1_14' title='bbox 551 294 640 347; x_wconf 85' lang='lat' dir='ltr'>speciem</span> <span class='ocrx_word' id='word_1_15' title='bbox 649 305 761 346; x_wconf 79' lang='lat' dir='ltr'>exegeseos</span> <span class='ocrx_word' id='word_1_16' title='bbox 768 293 830 346; x_wconf 87' lang='lat' dir='ltr'>plane</span> 
     </span>
     <span class='ocr_line' id='line_1_4' title="bbox 152 366 830 421; baseline 0 -15"><span class='ocrx_word' id='word_1_17' title='bbox 152 366 255 419; x_wconf 81' lang='lat' dir='ltr'>perfectae</span> <span class='ocrx_word' id='word_1_18' title='bbox 270 367 405 420; x_wconf 88' lang='lat' dir='ltr'>omnibusque</span> <span class='ocrx_word' id='word_1_19' title='bbox 419 367 510 407; x_wconf 88' lang='lat' dir='ltr'>numeris</span> <span class='ocrx_word' id='word_1_20' title='bbox 524 366 629 407; x_wconf 77' lang='lat' dir='ltr'>absolutae</span> <span class='ocrx_word' id='word_1_21' title='bbox 638 379 681 407; x_wconf 89' lang='lat' dir='ltr'>non</span> <span class='ocrx_word' id='word_1_22' title='bbox 693 367 781 421; x_wconf 77' lang='lat' dir='ltr'>assequi,</span> <span class='ocrx_word' id='word_1_23' title='bbox 792 366 830 407; x_wconf 89' lang='lat' dir='ltr'>sed</span> 
     </span>
     <span class='ocr_line' id='line_1_5' title="bbox 153 438 830 492; baseline 0 -12"><span class='ocrx_word' id='word_1_24' title='bbox 153 439 295 481; x_wconf 86' lang='lat' dir='ltr'>subtilissimas</span> <span class='ocrx_word' id='word_1_25' title='bbox 314 443 407 480; x_wconf 86' lang='lat' dir='ltr'>veterum</span> <span class='ocrx_word' id='word_1_26' title='bbox 425 438 571 491; x_wconf 79' lang='lat' dir='ltr'>explicationes</span> <span class='ocrx_word' id='word_1_27' title='bbox 589 440 643 480; x_wconf 89' lang='lat' dir='ltr'>haud</span> <span class='ocrx_word' id='word_1_28' title='bbox 657 439 702 479; x_wconf 92' lang='lat' dir='ltr'>iure</span> <span class='ocrx_word' id='word_1_29' title='bbox 720 439 830 492; x_wconf 78' lang='lat' dir='ltr'>negligere.</span> 
     </span>
     <span class='ocr_line' id='line_1_6' title="bbox 154 511 830 565; baseline -0.001 -12"><span class='ocrx_word' id='word_1_30' title='bbox 154 512 250 553; x_wconf 68' lang='lat' dir='ltr'>airaldus</span> <span class='ocrx_word' id='word_1_31' title='bbox 264 512 330 565; x_wconf 82' lang='lat' dir='ltr'>igitur,</span> <span class='ocrx_word' id='word_1_32' title='bbox 346 511 379 552; x_wconf 91' lang='lat' dir='ltr'>die</span> <span class='ocrx_word' id='word_1_33' title='bbox 393 512 511 564; x_wconf 88' lang='lat' dir='ltr'>Propheten</span> <span class='ocrx_word' id='word_1_34' title='bbox 526 512 562 552; x_wconf 90' lang='lat' dir='ltr'>des</span> <span class='ocrx_word' id='word_1_35' title='bbox 576 511 721 553; x_wconf 88' lang='lat' dir='ltr'>altenBundes</span> <span class='ocrx_word' id='word_1_36' title='bbox 736 512 752 564; x_wconf 89' lang='grc' dir='ltr'>Ι,</span> <span class='ocrx_word' id='word_1_37' title='bbox 768 513 830 563; x_wconf 73' lang='lat' dir='ltr'>talo,</span> 
     </span>
     <span class='ocr_line' id='line_1_7' title="bbox 155 584 831 639; baseline 0 -14"><span class='ocrx_word' id='word_1_38' title='bbox 155 586 177 625; x_wconf 90' lang='lat' dir='ltr'>in</span> <span class='ocrx_word' id='word_1_39' title='bbox 195 584 281 638; x_wconf 80' lang='lat' dir='ltr'>singulis</span> <span class='ocrx_word' id='word_1_40' title='bbox 295 584 364 625; x_wconf 83' lang='lat' dir='ltr'>verbis</span> <span class='ocrx_word' id='word_1_41' title='bbox 378 584 472 639; x_wconf 83' lang='lat' dir='ltr'>locisque</span> <span class='ocrx_word' id='word_1_42' title='bbox 486 584 644 637; x_wconf 80' lang='lat' dir='ltr'>interpretandis</span> <span class='ocrx_word' id='word_1_43' title='bbox 658 584 759 626; x_wconf 87' lang='lat' dir='ltr'>interdum</span> <span class='ocrx_word' id='word_1_44' title='bbox 774 585 831 638; x_wconf 80' lang='lat' dir='ltr'>inge-</span> 
     </span>
     <span class='ocr_line' id='line_1_8' title="bbox 154 656 832 711; baseline 0.003 -14"><span class='ocrx_word' id='word_1_45' title='bbox 154 658 189 698; x_wconf 89' lang='lat' dir='ltr'>nio</span> <span class='ocrx_word' id='word_1_46' title='bbox 204 657 324 711; x_wconf 82' lang='lat' dir='ltr'>indulgens,</span> <span class='ocrx_word' id='word_1_47' title='bbox 343 656 445 710; x_wconf 85' lang='lat' dir='ltr'>poeticam</span> <span class='ocrx_word' id='word_1_48' title='bbox 458 661 528 699; x_wconf 79' lang='lat' dir='ltr'>ratum</span> <span class='ocrx_word' id='word_1_49' title='bbox 541 657 632 699; x_wconf 86' lang='lat' dir='ltr'>indolem</span> <span class='ocrx_word' id='word_1_50' title='bbox 650 671 693 699; x_wconf 90' lang='lat' dir='ltr'>nou</span> <span class='ocrx_word' id='word_1_51' title='bbox 706 658 769 699; x_wconf 88' lang='lat' dir='ltr'>modo</span> <span class='ocrx_word' id='word_1_52' title='bbox 784 671 832 711; x_wconf 87' lang='lat' dir='ltr'>per-</span> 
     </span>
     <span class='ocr_line' id='line_1_9' title="bbox 155 730 832 785; baseline 0 -14"><span class='ocrx_word' id='word_1_53' title='bbox 155 730 223 783; x_wconf 77' lang='lat' dir='ltr'>spexit</span> <span class='ocrx_word' id='word_1_54' title='bbox 237 734 298 785; x_wconf 88' lang='lat' dir='ltr'>atque</span> <span class='ocrx_word' id='word_1_55' title='bbox 312 744 388 772; x_wconf 87' lang='lat' dir='ltr'>nexum</span> <span class='ocrx_word' id='word_1_56' title='bbox 402 730 548 772; x_wconf 87' lang='lat' dir='ltr'>sententiarum</span> <span class='ocrx_word' id='word_1_57' title='bbox 554 730 661 782; x_wconf 90' lang='lat' dir='ltr'>intellexit,</span> <span class='ocrx_word' id='word_1_58' title='bbox 676 731 713 771; x_wconf 93' lang='lat' dir='ltr'>sed</span> <span class='ocrx_word' id='word_1_59' title='bbox 721 731 832 784; x_wconf 83' lang='lat' dir='ltr'>legentium</span> 
     </span>
     <span class='ocr_line' id='line_1_10' title="bbox 155 803 833 858; baseline 0.001 -14"><span class='ocrx_word' id='word_1_60' title='bbox 155 816 239 858; x_wconf 88' lang='lat' dir='ltr'>quoque</span> <span class='ocrx_word' id='word_1_61' title='bbox 261 804 340 845; x_wconf 90' lang='lat' dir='ltr'>animos</span> <span class='ocrx_word' id='word_1_62' title='bbox 359 809 429 846; x_wconf 83' lang='lat' dir='ltr'>vatum</span> <span class='ocrx_word' id='word_1_63' title='bbox 446 817 516 845; x_wconf 88' lang='lat' dir='ltr'>amore</span> <span class='ocrx_word' id='word_1_64' title='bbox 534 808 595 858; x_wconf 88' lang='lat' dir='ltr'>atque</span> <span class='ocrx_word' id='word_1_65' title='bbox 612 803 746 845; x_wconf 84' lang='lat' dir='ltr'>admiratione</span> <span class='ocrx_word' id='word_1_66' title='bbox 765 804 833 845; x_wconf 82' lang='lat' dir='ltr'>studet</span> 
     </span>
     <span class='ocr_line' id='line_1_11' title="bbox 156 877 833 930; baseline 0 -13"><span class='ocrx_word' id='word_1_67' title='bbox 156 877 244 918; x_wconf 85' lang='lat' dir='ltr'>afficere.</span> <span class='ocrx_word' id='word_1_68' title='bbox 272 878 350 918; x_wconf 88' lang='lat' dir='ltr'>Verum</span> <span class='ocrx_word' id='word_1_69' title='bbox 363 878 414 918; x_wconf 89' lang='lat' dir='ltr'>haec</span> <span class='ocrx_word' id='word_1_70' title='bbox 429 881 449 917; x_wconf 90' lang='lat' dir='ltr'>et</span> <span class='ocrx_word' id='word_1_71' title='bbox 462 877 507 930; x_wconf 85' lang='lat' dir='ltr'>ipsa</span> <span class='ocrx_word' id='word_1_72' title='bbox 522 881 553 918; x_wconf 86' lang='lat' dir='ltr'>est</span> <span class='ocrx_word' id='word_1_73' title='bbox 565 890 606 918; x_wconf 89' lang='lat' dir='ltr'>uua</span> <span class='ocrx_word' id='word_1_74' title='bbox 620 881 698 918; x_wconf 88' lang='lat' dir='ltr'>tautum</span> <span class='ocrx_word' id='word_1_75' title='bbox 711 877 833 930; x_wconf 86' lang='lat' dir='ltr'>interpreta-</span> 
     </span>
     <span class='ocr_line' id='line_1_12' title="bbox 156 949 834 1004; baseline 0 -14"><span class='ocrx_word' id='word_1_76' title='bbox 156 950 218 991; x_wconf 86' lang='lat' dir='ltr'>tionis</span> <span class='ocrx_word' id='word_1_77' title='bbox 232 963 291 1003; x_wconf 75' lang='lat' dir='ltr'>pars3</span> <span class='ocrx_word' id='word_1_78' title='bbox 307 951 365 991; x_wconf 89' lang='lat' dir='ltr'>deest</span> <span class='ocrx_word' id='word_1_79' title='bbox 379 963 409 1001; x_wconf 89' lang='lat' dir='ltr'>ea,</span> <span class='ocrx_word' id='word_1_80' title='bbox 425 963 485 1004; x_wconf 90' lang='lat' dir='ltr'>quam</span> <span class='ocrx_word' id='word_1_81' title='bbox 499 949 533 990; x_wconf 84' lang='lat' dir='ltr'>alii</span> <span class='ocrx_word' id='word_1_82' title='bbox 544 951 586 1002; x_wconf 89' lang='lat' dir='ltr'>jam</span> <span class='ocrx_word' id='word_1_83' title='bbox 600 949 710 1003; x_wconf 81' lang='lat' dir='ltr'>practicam</span> <span class='ocrx_word' id='word_1_84' title='bbox 722 950 834 1001; x_wconf 82' lang='lat' dir='ltr'>nominant,</span> 
     </span>
     <span class='ocr_line' id='line_1_13' title="bbox 157 1023 888 1077; baseline 0 -13"><span class='ocrx_word' id='word_1_85' title='bbox 157 1023 192 1064; x_wconf 85' lang='lat' dir='ltr'>alii</span> <span class='ocrx_word' id='word_1_86' title='bbox 204 1023 347 1076; x_wconf 80' lang='lat' dir='ltr'>theologicam,</span> <span class='ocrx_word' id='word_1_87' title='bbox 362 1023 439 1077; x_wconf 87' lang='lat' dir='ltr'>quippe</span> <span class='ocrx_word' id='word_1_88' title='bbox 453 1036 506 1077; x_wconf 87' lang='lat' dir='ltr'>quae</span> <span class='ocrx_word' id='word_1_89' title='bbox 520 1023 669 1076; x_wconf 83' lang='lat' dir='ltr'>grammaticae,</span> <span class='ocrx_word' id='word_1_90' title='bbox 683 1023 787 1074; x_wconf 87' lang='lat' dir='ltr'>historiae,</span> <span class='ocrx_word' id='word_1_91' title='bbox 801 1023 833 1064; x_wconf 90' lang='lat' dir='ltr'>lo·</span> <span class='ocrx_word' id='word_1_92' title='bbox 885 1039 888 1064; x_wconf 69' lang='lat' dir='ltr'>r</span> 
     </span>
     <span class='ocr_line' id='line_1_14' title="bbox 157 1095 835 1150; baseline 0 -14"><span class='ocrx_word' id='word_1_93' title='bbox 157 1096 224 1150; x_wconf 84' lang='lat' dir='ltr'>gicae,</span> <span class='ocrx_word' id='word_1_94' title='bbox 243 1109 333 1149; x_wconf 88' lang='lat' dir='ltr'>poeseos</span> <span class='ocrx_word' id='word_1_95' title='bbox 351 1096 391 1136; x_wconf 90' lang='lat' dir='ltr'>iuri</span> <span class='ocrx_word' id='word_1_96' title='bbox 408 1095 458 1136; x_wconf 90' lang='lat' dir='ltr'>nihil</span> <span class='ocrx_word' id='word_1_97' title='bbox 475 1096 585 1146; x_wconf 84' lang='lat' dir='ltr'>detrectet,</span> <span class='ocrx_word' id='word_1_98' title='bbox 603 1100 664 1149; x_wconf 86' lang='lat' dir='ltr'>atque</span> <span class='ocrx_word' id='word_1_99' title='bbox 682 1095 743 1136; x_wconf 92' lang='lat' dir='ltr'>simul</span> <span class='ocrx_word' id='word_1_100' title='bbox 758 1095 835 1136; x_wconf 87' lang='lat' dir='ltr'>indicet</span> 
     </span>
     <span class='ocr_line' id='line_1_15' title="bbox 157 1167 835 1222; baseline -0.001 -12"><span class='ocrx_word' id='word_1_101' title='bbox 157 1170 290 1222; x_wconf 82' lang='lat' dir='ltr'>interpretem</span> <span class='ocrx_word' id='word_1_102' title='bbox 307 1168 359 1209; x_wconf 91' lang='lat' dir='ltr'>vatis</span> <span class='ocrx_word' id='word_1_103' title='bbox 377 1167 441 1208; x_wconf 86' lang='lat' dir='ltr'>verba</span> <span class='ocrx_word' id='word_1_104' title='bbox 454 1181 467 1209; x_wconf 89' lang='lat' dir='ltr'>a</span> <span class='ocrx_word' id='word_1_105' title='bbox 481 1168 521 1209; x_wconf 89' lang='lat' dir='ltr'>deo</span> <span class='ocrx_word' id='word_1_106' title='bbox 536 1167 626 1209; x_wconf 88' lang='lat' dir='ltr'>revelata</span> <span class='ocrx_word' id='word_1_107' title='bbox 640 1168 724 1208; x_wconf 88' lang='lat' dir='ltr'>credere</span> <span class='ocrx_word' id='word_1_108' title='bbox 739 1168 835 1209; x_wconf 88' lang='lat' dir='ltr'>omnihus</span> 
     </span>
     <span class='ocr_line' id='line_1_16' title="bbox 158 1240 835 1295; baseline -0.001 -13"><span class='ocrx_word' id='word_1_109' title='bbox 158 1241 257 1283; x_wconf 86' lang='lat' dir='ltr'>ecclesiae</span> <span class='ocrx_word' id='word_1_110' title='bbox 270 1240 398 1295; x_wconf 85' lang='lat' dir='ltr'>temporibus</span> <span class='ocrx_word' id='word_1_111' title='bbox 412 1240 433 1281; x_wconf 92' lang='lat' dir='ltr'>in</span> <span class='ocrx_word' id='word_1_112' title='bbox 448 1254 493 1281; x_wconf 91' lang='lat' dir='ltr'>rem</span> <span class='ocrx_word' id='word_1_113' title='bbox 507 1253 565 1282; x_wconf 87' lang='lat' dir='ltr'>suam</span> <span class='ocrx_word' id='word_1_114' title='bbox 580 1254 626 1282; x_wconf 87' lang='lat' dir='ltr'>esse</span> <span class='ocrx_word' id='word_1_115' title='bbox 640 1242 785 1283; x_wconf 83' lang='lat' dir='ltr'>convertenda.</span> <span class='ocrx_word' id='word_1_116' title='bbox 808 1241 835 1281; x_wconf 85' lang='lat' dir='ltr'>Et</span> 
     </span>
     <span class='ocr_line' id='line_1_17' title="bbox 157 1314 834 1369; baseline -0.001 -14"><span class='ocrx_word' id='word_1_117' title='bbox 157 1316 208 1356; x_wconf 90' lang='lat' dir='ltr'>haec</span> <span class='ocrx_word' id='word_1_118' title='bbox 223 1315 305 1369; x_wconf 89' lang='lat' dir='ltr'>quidem</span> <span class='ocrx_word' id='word_1_119' title='bbox 319 1326 432 1367; x_wconf 82' lang='lat' dir='ltr'>exegeseos</span> <span class='ocrx_word' id='word_1_120' title='bbox 447 1314 525 1367; x_wconf 80' lang='lat' dir='ltr'>effigies</span> <span class='ocrx_word' id='word_1_121' title='bbox 540 1314 683 1367; x_wconf 86' lang='lat' dir='ltr'>interpretanti</span> <span class='ocrx_word' id='word_1_122' title='bbox 697 1314 745 1354; x_wconf 93' lang='lat' dir='ltr'>mihi</span> <span class='ocrx_word' id='word_1_123' title='bbox 760 1314 834 1355; x_wconf 88' lang='lat' dir='ltr'>obver-</span> 
     </span>
     <span class='ocr_line' id='line_1_18' title="bbox 159 1386 835 1441; baseline -0.003 -12"><span class='ocrx_word' id='word_1_124' title='bbox 159 1392 203 1429; x_wconf 85' lang='lat' dir='ltr'>sata</span> <span class='ocrx_word' id='word_1_125' title='bbox 211 1391 248 1439; x_wconf 87' lang='lat' dir='ltr'>est,</span> <span class='ocrx_word' id='word_1_126' title='bbox 263 1387 321 1429; x_wconf 87' lang='lat' dir='ltr'>cuius</span> <span class='ocrx_word' id='word_1_127' title='bbox 335 1388 388 1427; x_wconf 88' lang='lat' dir='ltr'>hauc</span> <span class='ocrx_word' id='word_1_128' title='bbox 402 1386 553 1427; x_wconf 82' lang='lat' dir='ltr'>enarrationem</span> <span class='ocrx_word' id='word_1_129' title='bbox 565 1386 668 1428; x_wconf 88' lang='lat' dir='ltr'>noluerim</span> <span class='ocrx_word' id='word_1_130' title='bbox 682 1387 786 1441; x_wconf 91' lang='lat' dir='ltr'>specimen</span> <span class='ocrx_word' id='word_1_131' title='bbox 799 1387 835 1427; x_wconf 90' lang='lat' dir='ltr'>ha-</span> 
     </span>
     <span class='ocr_line' id='line_1_19' title="bbox 158 1459 594 1514; baseline -0.002 -13"><span class='ocrx_word' id='word_1_132' title='bbox 158 1460 203 1502; x_wconf 87' lang='lat' dir='ltr'>beri</span> <span class='ocrx_word' id='word_1_133' title='bbox 214 1460 333 1514; x_wconf 89' lang='lat' dir='ltr'>propositae</span> <span class='ocrx_word' id='word_1_134' title='bbox 344 1460 385 1502; x_wconf 74' lang='lat' dir='ltr'>vsed</span> <span class='ocrx_word' id='word_1_135' title='bbox 400 1459 501 1513; x_wconf 85' lang='lat' dir='ltr'>expetitae</span> <span class='ocrx_word' id='word_1_136' title='bbox 515 1463 594 1501; x_wconf 89' lang='lat' dir='ltr'>testem.</span> 
     </span>
    </p>
   </div>
   <div class='ocr_carea' id='block_1_3' title="bbox 0 0 922 3089">
    <p class='ocr_par' dir='ltr' id='par_1_3' title="bbox 0 0 922 3089">
     <span class='ocr_line' id='line_1_20' title="bbox 0 0 922 3089; baseline 0 0"><span class='ocrx_word' id='word_1_137' title='bbox 0 0 922 3089; x_wconf 95' lang='lat' dir='ltr'> </span> 
     </span>
    </p>
   </div>
  </div>
 </body>
</html>
