1792 3089
318 156 464 190 Pnomeounna.
690 170 732 197 xxv

52 276 150 317 praesens
171 273 241 302 rerum
263 263 327 300 status
346 272 432 312 regnum
455 259 546 299 divinum
566 260 732 314 appropinquare

55 336 181 385 ostendebat,
197 347 222 374 eo
238 332 353 374 distinctius
367 344 450 384 parvam
463 333 546 385 piorum
560 346 640 373 uranum
656 334 733 373 docue-

54 413 103 450 ruut
121 422 133 448 a
146 407 239 447 tristibus
257 411 389 459 peccatorum
407 406 512 458 suppliciis
527 406 599 446 oeulos
615 398 693 458 erigere
708 407 734 446 ad

55 485 188 535 prospectum
202 479 261 531 regni
276 477 351 518 Christi
365 466 529 530 pulcherrimum.

99 554 165 603 Quam
177 553 322 604 prophetarum
337 551 428 591 indolem
441 553 557 591 universam
572 552 655 604 egregio
667 558 736 592 exem-

57 625 93 678 plo
108 625 229 665 confirmant
243 629 306 675 vates,
322 624 358 677 qui
367 624 466 665 vaticiniis
477 624 605 676 gravioribus
616 629 677 678 atque
692 638 736 665 om-

5 742 6 745 *
58 698 119 738 nibus
137 697 236 738 ecclesiae
254 697 381 749 temporibus
400 696 505 737 destinatis
522 697 578 749 digni
591 698 653 737 habiti
667 699 688 737 in
703 710 736 737 ca-

58 783 134 811 nonem
149 774 197 810 suut
211 770 295 822 recepti.
324 770 368 809 Hos
383 773 449 809 autem
464 782 489 809 eo
504 769 631 820 potissimum
646 774 738 822 tempore

9 894 11 896 ι
59 842 170 881 mittendos
188 842 252 881 fuisse
270 846 365 894 apparet,
389 854 430 895 quo
452 841 545 893 impietas
567 842 640 902 populi
660 855 739 894 poenas

60 914 178 963 necessario
193 914 295 967 flagitabat
308 918 369 969 atque
383 915 422 967 pii,
438 928 526 967 quorum
541 914 589 954 fidei
603 919 687 955 externa
700 928 739 968 po-

61 988 105 1041 puli
119 988 213 1029 condicio
228 1001 271 1029 uon
285 988 372 1042 amplius
383 977 527 1040 respondebat,
544 993 601 1029 eraut
612 989 739 1030 consolandi·

62 1062 89 1102 Et
103 1062 142 1103 hoc
157 1062 239 1115 quidem
255 1067 287 1104 ter
302 1062 378 1111 evenit,
394 1074 457 1115 quare
469 1067 511 1102 tres
523 1062 583 1103 uobis
595 1063 680 1104 traditae
694 1068 742 1104 sunt

63 1135 204 1176 vaticiniorum
220 1135 395 1184 consociationes;
413 1134 479 1187 prima
493 1136 547 1176 circa
561 1137 689 1177 iuvasionem
702 1140 742 1178 As-

65 1207 176 1260 syriorum,
199 1209 234 1262 qui
253 1209 351 1249 maiorem
369 1207 442 1260 populi
460 1211 539 1260 partem
559 1209 581 1248 in
601 1210 684 1250 exilium
704 1211 742 1251 du-

65 1285 146 1331 xeruut,
161 1282 252 1322 secunda
265 1282 320 1322 circa
332 1280 462 1320 incursiones
478 1280 634 1333 Chaldaeorum,
650 1284 685 1337 qui
698 1284 743 1336 pio-

66 1373 112 1400 rum
126 1371 187 1399 manu
201 1355 222 1395 iu
236 1352 372 1407 captivitatem
389 1352 486 1404 abducta⁷
505 1354 649 1407 Hierosolyma
664 1356 744 1397 destru-

41 1443 44 1446 ⁴
67 1437 148 1483 xerunt,
163 1429 223 1471 tertia
237 1427 292 1468 eirca
305 1426 456 1466 restitutionem
468 1426 542 1478 populi
555 1440 623 1480 neque
634 1428 699 1481 ipsius
709 1442 745 1470 ex-

5 1487 7 1489 *
68 1503 190 1557 spectatioui
203 1514 271 1554 neque
285 1502 354 1539 vatum
368 1497 475 1550 promissis
490 1499 652 1541 convenientem.
679 1504 746 1553 Quem

68 1581 137 1617 vatum
156 1575 249 1616 ordinem
262 1571 334 1626 paucis
352 1559 501 1621 describamus‚'
520 1576 543 1611 nt
558 1586 609 1625 quae
628 1574 679 1614 ratio
694 1574 748 1615 iuter

70 1649 193 1702 Zephauiam
211 1650 272 1698 atque
290 1644 341 1684 alios
356 1645 467 1696 prophetas
485 1644 599 1686 intercedat
615 1646 747 1698 significetur.

71 1724 186 1775 Sequemur
200 1723 268 1759 'autem
281 1717 428 1770 prophetarum
441 1716 545 1757 minorum
560 1718 651 1758 ordinem
660 1721 761 1760 chrono-,

71 1794 170 1848 logicum,
190 1805 252 1846 quem
269 1791 290 1830 in
306 1801 384 1830 canone
398 1789 426 1828 ita
441 1788 572 1830 observatum
587 1803 633 1831 esse
647 1792 749 1832 existima-

72 1881 127 1919 mus,
147 1871 170 1908 ut
185 1866 210 1906 ab
225 1877 250 1904 eo
266 1863 323 1904 solus
338 1862 422 1902 recedat
435 1862 524 1913 Hoseas,
547 1876 607 1916 quem
622 1865 707 1905 eandem
722 1866 749 1906 ob

73 1955 155 1984 causam
167 1940 221 1981 inter
234 1936 330 1991 aequales
343 1935 431 1989 primum
439 1935 529 1987 positum
542 1950 587 1977 esse
596 1943 686 1990 apparet,
701 1952 750 1991 pro-

73 2019 119 2069 pter
134 2026 194 2068 qnam
207 2011 319 2067 prophetae
338 2008 425 2048 maiores
441 2021 453 2047 a
466 2009 580 2050 minoribns
596 2015 644 2051 sunt
658 2013 752 2064 separati,

74 2091 160 2142 propter
174 2084 294 2136 ampliorem
307 2081 459 2121 vaticiniorum
465 2082 573 2123 antinum:
595 2083 660 2124 Cuius
675 2085 753 2126 ordinis

75 2160 139 2214 siquis
159 2160 278 2211 argumenta
292 2153 392 2209 requiratj
415 2168 461 2211 eum
477 2155 580 2197 relicimus
595 2156 621 2196 ad
636 2157 756 2197 Dalilasclrii

76 2231 267 2275 commentationem
285 2228 298 2269 l.
314 2242 331 2270 c.
345 2241 391 2281 pag.
408 2229 511 2280 an-m,
532 2243 572 2283 qua
587 2229 643 2283 quod
662 2233 755 2272 nostrum

75 2308 165 2347 nonest
180 2303 293 2356 explicare,
308 2302 423 2343 accuratius
439 2302 596 2343 demonstratur.

120 2377 200 2418 Primae
217 2375 279 2428 igitur
297 2374 368 2415 aetatis
387 2375 465 2428 primus
478 2375 597 2415 universum
611 2375 758 2427 prophetarum

79 2451 173 2491 ordinem
193 2448 249 2489 ducit
266 2447 321 2498 soal,
345 2447 381 2500 qui
397 2451 462 2487 totum
480 2446 600 2499 prophetiae
617 2451 759 2499 argmnentum

79 2537 121 2565 una
139 2521 198 2577 quasi
217 2511 400 2574 comprehensione
416 2519 545 2572 complexus,
565 2520 598 2559 dei
615 2520 711 2560 iustitiam
726 2521 758 2560 die

80 2596 150 2636 iudicii
163 2594 292 2644 universalis,
307 2593 341 2634 dei
354 2586 438 2645 gratiam
451 2591 567 2633 laetissimis
577 2592 665 2633 hiessiae
679 2596 759 2643 tempo-

82 2669 139 2711 ribus
153 2667 320 2708 manifestandam
335 2666 444 2718 imaginum
458 2665 573 2719 frequentia
588 2664 673 2706 illustris
688 2664 760 2716 depin-
