1792 3089
141 146 156 187 4
401 140 443 177 CAP.
455 142 470 184 I,
482 154 497 176 r.
510 140 568 178 2-3.

143 248 203 288 dens:
224 238 317 302 »ὥσπερ
334 241 377 302 γὰρ
396 239 429 295 εἷς
443 242 571 302 θεραπείαν
584 242 628 286 τῶν
643 234 770 299 ἀνθρώπων
785 239 824 283 καὶ

143 315 217 375 πτηνὰ
231 317 270 360 καὶ
285 316 354 376 νηκτὰ
369 316 407 361 καὶ
422 313 489 375 κτήνη
505 314 628 374 πεποίηκα,
644 310 715 366 οὕτως
730 311 768 358 obv
784 309 824 356 eri-

143 391 192 441 τοῖς
200 388 240 433 καὶ
251 394 322 435 ταῦτα
334 391 461 450 διαφθερῶ.
483 380 577 449 περιττὴ
587 387 629 447 γὰρ
637 389 721 432 τούτων
730 383 743 446 ἦ
751 386 823 447 χρεία,

143 464 188 507 τῶν
207 459 367 508 cinoloitarum
384 460 425 508 oba
444 458 534 509 taraus
562 467 589 507 Et
607 466 732 519 experientia
751 466 823 507 doctus

144 541 241 582 maroa:
260 542 327 593 „Iram
342 542 418 595 quippe
433 541 509 582 domini
528 542 586 583 etiam
601 541 661 581 bruta
676 540 766 581 sentiunt
780 540 823 586 alrif

143 614 213 663 malia3
229 618 249 655 et
262 616 345 657 vastatis
359 615 445 657 urbibus
459 615 617 669 hominibusque
630 614 742 655 interfectis
752 613 823 654 solitu*

145 688 213 729 dinem
232 693 252 729 et
269 690 372 731 raritatem
385 690 498 731 bestiarum
516 701 599 744 quoque
615 688 660 729 fieri
675 692 696 729 et
710 687 824 729 volatilium

144 762 282 817 pisciumque,
299 765 357 805 testis
372 764 466 818 lllyricns
486 769 527 816 est,
545 763 603 805 testis
618 763 713 814 Thracia,
731 761 789 802 testis
804 761 825 802 in

147 849 188 891 quo
207 841 265 879 ortus
284 850 330 878 snm
344 837 421 889 solum,
440 837 476 878 nbi
489 841 571 891 praeter
586 835 667 878 coelum
683 839 702 877 et
716 838 791 876 terram
806 838 826 875 et

146 915 262 953 crescentes
277 924 351 965 vepres
367 915 387 952 et
401 911 506 953 condense
514 912 610 953 silvarum
618 914 691 952 cuncta
699 908 826 963 perierunt.“

147 983 235 1026 Causam
249 988 316 1026 auteur
330 985 405 1026 indicat
418 984 484 1026 tale:
498 985 593 1037 „Scimus
604 985 702 1026 mnndum
714 983 827 1024 obnoxium

146 1071 192 1100 esse
210 1059 340 1111 corruptioni
357 1071 400 1099 non
418 1063 502 1112 sponte,
522 1060 563 1100 hoc
582 1063 623 1111 θεῖ,
643 1072 687 1099 11011
701 1057 826 1108 naturaliter,

146 1131 184 1172 sed
202 1132 249 1186 quia
267 1132 362 1185 coritagio
382 1144 407 1171 ex
425 1132 485 1185 lapsu
499 1131 556 1173 Adae
576 1146 622 1174 sese
637 1132 715 1174 diffudit
728 1145 767 1185 per
782 1144 827 1172 cae-

145 1204 188 1246 lum
204 1210 224 1246 et
237 1210 324 1257 terram,
343 1208 440 1259 totusque
454 1207 543 1248 arundus
558 1205 667 1259 implicitus
684 1211 715 1248 est
730 1220 776 1247 cnm
789 1207 827 1246 lio-

145 1278 200 1320 mine
215 1279 252 1321 sub
267 1279 411 1321 maledictione
426 1279 480 1320 dei.‘⁴
504 1278 534 1319 Gt.
544 1279 603 1320 Rom.
612 1280 666 1331 vul,
679 1278 778 1331 att-22,
793 1278 829 1320 ubi

146 1354 222 1395 Paulus
238 1354 325 1395 eundem
339 1353 396 1395 illum
413 1366 491 1394 nexum
503 1353 606 1395 internum
620 1353 673 1395 inter
692 1348 732 1407 τὴν
750 1346 828 1404 κτίσιν,

98 1460 100 1462 .
146 1430 212 1469 totum
226 1429 330 1480 intinctum,
346 1432 406 1482 atque
420 1427 523 1468 hominem
534 1431 626 1469 testatur.
647 1430 705 1479 Quae
715 1416 829 1481 sequnntur

147 1498 232 1542 navemn
244 1513 272 1542 ns
284 1500 394 1547 intimamus
409 1501 495 1542 manime
503 1501 612 1543 turbarunt
621 1502 749 1556 interpretes.
773 1500 829 1542 Con-

147 1574 273 1616 structiones
287 1577 399 1617 verborum
412 1576 469 1629 ipsae
484 1579 516 1616 tot
530 1580 578 1616 sunt
592 1582 673 1631 tamque
688 1576 789 1626 diversae,
807 1579 830 1615 nt

147 1660 173 1688 ex
191 1661 264 1701 magna
284 1663 354 1691 earnm
375 1649 434 1703 copia
453 1653 496 1690 tres
517 1653 595 1690 tantum
614 1650 753 1700 nominemus
777 1661 829 1702 quac

147 1720 234 1761 manime
252 1722 274 1762 in
290 1736 374 1764 censum
388 1724 478 1764 veniant.
507 1723 558 1764 Isud
571 1724 595 1765 cle
610 1724 666 1765 Diem
680 1722 788 1776 conjunxit
801 1734 830 1763 na

148 1808 195 1836 cnm
209 1797 337 1838 antecedenti
351 1796 404 1848 voci,
420 1797 447 1837 ita
461 1801 484 1838 ut
498 1802 550 1850 part.
567 1811 636 1838 casum
648 1797 706 1838 verbi
721 1797 753 1838 sui
767 1800 829 1849 regal,

149 1873 168 1909 et
186 1874 262 1912 vertat:
286 1870 386 1921 eriferam7
407 1883 458 1924 quae
477 1872 551 1925 impios
571 1871 675 1912 offendere
689 1871 774 1920 faciuntt
795 1869 832 1911 sed

148 1940 297 1998 qnumttbn'mb
314 1945 374 1985 etiam
388 1943 438 1986 alias
454 1945 580 1987 substantive
590 1945 675 1999 legatur,
691 1909 780 1986 nenses
796 1957 832 1984 cur

148 2018 174 2058 ed
192 2018 298 2059 notionem
315 2017 420 2059 verbalem
438 2032 578 2071 recurramus,
601 2033 662 2074 quam
679 2020 698 2060 si
714 2018 833 2061 retinuisset

148 2092 179 2144 Z„
193 2093 288 2146 profecto
303 2093 394 2146 apertius
405 2092 521 2148 indicasset.
545 2093 591 2146 Alii,
606 2100 629 2134 nt
639 2094 689 2143 Em,
704 2091 789 2137 ῡψώπῆ
804 2103 833 2133 nn

149 2166 300 2220 appositionem
314 2169 387 2220 putant
401 2169 462 2221 atque
478 2168 601 2221 epexegesin
613 2167 749 2209 offensionum
757 2168 778 2207 iu
787 2167 833 2208 uni-

147 2254 231 2282 versum
249 2241 365 2290 allatarnm3
386 2241 423 2281 sed
437 2242 525 2295 primum
540 2241 610 2283 nescio
626 2255 652 2282 an
666 2242 716 2283 haec
731 2241 831 2284 sententia

148 2316 214 2356 forma
229 2316 292 2357 subet.
309 2311 385 2357 ainau
399 2315 501 2357 abstracta
514 2329 612 2370 expressa
627 2320 687 2367 esset,
703 2316 776 2357 deinde
786 2329 833 2357 sen-

149 2403 184 2431 sns
201 2403 226 2430 ex
240 2391 279 2431 Irae
294 2391 447 2432 construetione
462 2391 574 2444 profectus,
590 2390 692 2431 hominem
704 2394 724 2432 et
733 2390 832 2444 incipien-

148 2468 189 2506 tem
203 2477 287 2506 versnm
300 2468 394 2505 nostrum
410 2468 430 2505 et
442 2464 557 2516 finientem,
573 2464 633 2505 etiam
647 2464 669 2504 in
682 2465 750 2506 medio
766 2463 833 2505 collo-

149 2552 208 2591 cans,
226 2539 294 2581 minus
314 2543 373 2592 aptus
392 2538 477 2579 videtur:
507 2538 604 2592 Plerique
623 2538 685 2591 igitur
703 2550 732 2580 aa
751 2542 834 2580 vertunt

149 2627 205 2665 cum,
225 2627 266 2655 una
287 2627 343 2664 cum,
363 2625 415 2667 quae
434 2612 492 2653 notio
508 2625 533 2653 eo
548 2611 627 2652 facilius
643 2624 666 2653 se
682 2611 750 2664 offert,
771 2610 833 2666 quun*

149 2701 217 2733 accus.
231 2687 379 2743 praecedentes
394 2686 438 2728 sine
454 2686 513 2740 siguo
528 2700 595 2729 accus.
609 2685 672 2740 positi
687 2686 734 2729 huic
749 2697 777 2728 ns
792 2686 832 2728 tini
