1792 3089
322 169 365 207 Chr,
377 169 403 213 ll,
419 183 434 207 r.
446 169 463 206 2.
487 223 488 226 Ἴ
708 170 734 213 41

129 279 169 321 iura
184 278 316 330 opponantur
328 277 456 327 argumenta
473 273 529 327 quod
540 272 610 314 Ec'clrlr.
625 271 695 313 Thein.
711 270 736 312 (la

127 367 151 402 rr,
165 350 277 402 Hr'taz'gun,
292 346 382 388 Mamer
396 346 557 400 interpretantur
568 348 648 397 tempus
658 345 680 385 iu
690 345 736 386 uui-

63 440 137 475 iersrun
150 424 184 465 vel
197 426 278 476 tempus
293 421 369 475 gratiae
383 434 488 474 praesens,
502 434 529 461 ne
544 433 585 461 usu
600 419 681 474 quidem
695 420 735 461 lin-

5 552 7 556 ·
55 514 106 554 0uae
116 497 222 551 probatur.
246 495 385 548 Explicatioui
392 499 474 536 nostrae
483 493 573 535 litata-er
582 493 659 546 objicit,
675 507 738 547 quum

55 575 76 613 in
89 569 222 624 sequentibus
235 568 305 611 denuo,
318 569 405 608 dicatur:
420 568 540 620 priusquam
555 567 623 607 veniat
635 574 680 618 cet,
695 580 738 608 non

58 642 231 700 propinquitatem
245 640 300 683 illius
314 642 379 696 ipsius
394 640 498 696 temporis,
509 640 551 682 sed
560 639 679 683 brevitatem
687 644 738 683 tem-

57 720 114 774 poris
129 717 231 768 interjecti
246 716 368 770 descriptam
383 717 506 769 exspectan-h
523 729 575 769 quae
589 719 657 756 tamen
666 729 739 769 exspe-

58 792 119 833 ctatio
138 804 164 831 ex
178 785 273 842 neglecto
289 802 307 829 v.
322 789 389 830 uostri
403 802 458 829 nexu
474 792 519 828 orta
535 792 570 828 est.
600 788 680 846 Deinde
695 789 740 840 glu-

57 878 101 905 nrac
116 862 223 914 imaginem
238 862 263 900 dc
279 874 304 901 eo
319 861 411 901 adhiberi
427 860 485 911 dicit·
497 860 553 914 quod
563 861 603 901 cito
613 860 683 913 fugiat,
698 873 741 901 nou

58 939 83 980 de
101 951 125 979 eo
146 936 202 991 quod
220 936 260 977 cito
280 936 353 986 irruat,
374 935 411 976 sed
424 935 499 987 partim
517 934 576 976 notio
591 934 637 988 ipsa
651 934 742 987 fugiendi

59 1012 196 1062 velocitatem
216 1023 267 1064 quae
282 1009 314 1050 hic
330 1009 375 1049 sola
389 1012 484 1061 urgetur,
501 1008 653 1061 complectitur,
668 1008 742 1061 partim

59 1086 101 1125 Jes.
117 1084 205 1133 XXIX,
226 1083 323 1122 5hostes
342 1082 422 1133 glumae
442 1081 507 1121 instar
525 1082 627 1131 irruentes
647 1082 740 1131 afferens,

61 1156 185 1199 contrarium
200 1155 330 1196 demonstrat.
357 1155 388 1195 lta
401 1153 505 1208 perfacilis
521 1154 585 1195 currit
599 1154 673 1196 oratio.
700 1152 741 1195 Alii

1 1244 10 1278 J
60 1242 91 1276 tir*
104 1237 184 1284 tempus
195 1230 353 1282 interpretantes
364 1233 456 1270 vertunt:
472 1230 525 1269 sicut
535 1229 603 1282 glanna
611 1230 683 1270 transit
691 1233 741 1270 tern-
793 1266 795 1269 .

60 1318 109 1357 pus,
127 1304 187 1357 'quod
206 1304 227 1343 iu
245 1302 362 1354 parenthesi
380 1301 533 1353 interposituuu
556 1302 593 1342 sed
610 1307 633 1343 ut
652 1302 743 1342 omittam

60 1390 121 1417 usum
133 1376 192 1416 uocis
206 1385 237 1418 uu
253 1386 316 1426 supra
329 1375 438 1424 rejectum,
457 1374 585 1425 parenthesis
599 1374 646 1414 talis
661 1378 743 1414 seuten-

1 1438 6 1455 ²
61 1450 109 1491 tiam
127 1449 183 1490 illam
202 1447 250 1489 satis
265 1446 371 1501 vulgarem
386 1446 476 1502 satisque
490 1450 570 1499 notam,
589 1451 637 1501 post
652 1462 676 1489 ea
692 1461 744 1504 quae

61 1524 193 1573 antecedunt,
213 1521 261 1563 satis
276 1521 392 1574 languidam
411 1521 499 1562 orationi
513 1525 597 1563 nostrae
612 1535 691 1564 summo
706 1523 743 1563 im-

61 1601 111 1650 petu
123 1600 183 1650 atque
191 1596 261 1635 furore
270 1595 342 1634 ductae
354 1595 451 1646 adjiciens
459 1595 494 1635 vix
502 1595 609 1635 statuenda
617 1597 653 1637 est.
676 1597 749 1637 Multo*

60 1669 124 1722 magis
139 1668 234 1708 aberrant
247 1671 328 1708 veteres
343 1667 428 1707 Hr'erou.
448 1668 582 1722 „priusquam
596 1668 662 1722 pariat
678 1669 743 1711 iussio

20 1757 23 1765 ·
64 1743 121 1797 quasi
135 1742 242 1797 pulverem
260 1745 399 1783 transeuntem
414 1741 492 1793 dieur,“
510 1742 546 1783 uhi
560 1752 591 1787 uu
605 1757 617 1784 a
631 1744 696 1785 verbo
711 1758 744 1785 re-

1 1868 2 1871 Ἴ
63 1821 123 1869 gente
138 1813 177 1858 nih
191 1815 278 1856 vocibus
293 1815 405 1867 interjectis
420 1815 479 1855 nimis
494 1820 596 1857 remotum
612 1821 652 1868 est,
668 1817 744 1872 aliique

64 1890 90 1928 ad
99 1888 205 1928 arbitrium
215 1888 249 1929 vel
258 1892 407 1940 conjungentes
415 1900 479 1928 uoces
488 1887 523 1928 vel
533 1888 678 1930 subaudientes
688 1892 745 1944 quod

64 1961 136 2003 deesse
151 1960 249 2002 videatur.
266 1985 292 1993 -
307 1960 353 2002 Jam
366 1974 417 2004 vero
432 1965 559 2003 transeamus
574 1962 599 2003 ad
611 1962 698 2005 alterum
709 1964 745 2004 he-

38 2082 40 2091 *
64 2036 196 2087 mishchium,
212 2037 269 2090 quod
282 2036 352 2088 priore
371 2038 524 2089 comparatione
540 2037 675 2092 descriptum,
692 2038 746 2080 idem

65 2108 182 2162 simpliciter
197 2109 310 2149 continens.
335 2111 411 2150 Priori:
427 2111 547 2164 priusquam
562 2112 628 2164 pariat
642 2112 747 2153 decretum
770 2110 772 2113 ’

61 2183 104 2233 jam
118 2181 239 2233 respondet:
254 2181 374 2235 priusquam
388 2182 457 2223 veniat
471 2184 534 2224 ardor
548 2184 702 2225 iraedehovae.
719 2208 750 2227 -,

64 2251 91 2296 nh
106 2254 205 2309 repetitur
219 2255 310 2309 negatio,
326 2269 378 2311 quae
393 2256 505 2311 particulae
520 2267 577 2298 unu:
592 2258 654 2309 inest,
674 2264 697 2299 ut
711 2259 746 2299 ad-

64 2329 150 2370 monitio
164 2330 217 2371 ratis
232 2343 258 2371 eo
272 2331 345 2372 fortius
361 2332 485 2386 graviusque
499 2331 614 2374 inculcetur
630 2333 654 2374 cf¹
668 2335 712 2374 v.5
728 2337 748 2374 et

23 2445 24 2448 Ἴ
65 2402 102 2443 Ex.
112 2403 170 2454 XIV,
187 2404 219 2444 11.
235 2404 254 2443 Il
264 2405 315 2456 Reg.
330 2405 346 2455 Ι,
361 2406 381 2444 3.
396 2405 439 2445 Jer.
454 2405 482 2456 X,
498 2406 517 2445 6.
534 2429 560 2437 -
583 2417 610 2456 nh*
625 2416 670 2457 trun
685 2407 747 2448 ardor

65 2473 107 2514 irae
123 2476 147 2515 cf.
162 2475 222 2517 Num.
230 2476 301 2526 XXV,
317 2478 336 2516 4.
351 2478 441 2528 ΧΧΧΙΙ,
457 2477 490 2518 14.
515 2477 585 2520 Ardor
599 2479 641 2520 irae
656 2480 747 2522 Jehovae

66 2552 150 2601 apparet
169 2553 240 2604 estque
259 2550 378 2594 manifestus
399 2552 431 2593 die
449 2552 485 2593 illo
501 2553 622 2606 gravissimo
642 2554 693 2605 irae,
712 2555 748 2608 qui
767 2604 770 2607 K

65 2622 157 2663 membro
172 2625 237 2676 priori
252 2625 391 2667 definitionem
406 2627 461 2667 addit
472 2641 537 2681 aeque
549 2642 574 2668 ac
588 2628 608 2667 in
620 2627 746 2668 hemistichio

33 2726 38 2748 p
66 2695 136 2746 priore
152 2695 194 2736 dies
207 2697 288 2740 irruens
302 2704 333 2739 est
348 2700 402 2740 filius
414 2701 496 2741 decreti.
521 2700 623 2753 Repetitio
635 2701 748 2741 eorundem
