1792 3089
145 260 186 301 128
378 254 420 291 Gar.
432 256 469 299 III,
483 270 499 291 v.
512 256 591 295 18-20.

144 362 213 402 favere
231 359 307 413 possit,
326 360 382 414 quod
401 360 476 402 moesti
493 360 601 404 collective
616 362 729 404 secundnm
745 365 826 405 Geseue'e'
886 345 895 369 '³

144 433 243 487 Lehrgeb.
258 447 303 486 pag.
313 434 355 474 477
370 434 445 474 suffixo
460 434 506 475 fem.
521 434 646 486 indicentur;
664 440 685 477 at
699 450 761 491 quum
775 437 823 478 iude

144 521 156 548 a
171 521 232 548 versu
247 508 274 547 14
289 506 408 547 continuum
421 506 513 560 legamus
528 521 651 560 sermonem,
665 508 701 550 ubi
714 510 759 550 fem.
770 523 823 551 sem-

143 594 182 634 per
197 580 315 620 adZionem
330 581 436 631 referatur,
452 594 515 634 quum
528 580 562 621 vel
576 581 597 620 in
611 595 674 623 versu
688 588 760 624 nostro
775 584 821 636 ipso

144 655 190 694 sem.
202 654 312 707 praecedat
326 653 412 694 Zionem
425 643 547 705 respiciens,
562 653 607 694 fieri
621 667 664 694 non
678 660 757 709 potest,
773 656 822 710 quin

143 727 208 780 ipsam
223 739 306 781 quoque
321 726 470 767 subaudiamus.
492 726 579 768 Mutatio
593 740 702 780 personae,
718 742 777 783 quam
789 730 823 770 vel

143 800 165 840 in
176 800 291 853 Zephaniae
303 800 403 841 vaticiniis
414 799 523 854 aliquoties
532 799 625 852 legimus,
639 802 696 853 ef.II,
712 803 746 843 12.
762 804 797 853 III,
809 803 822 843 7

143 886 186 914 11011
202 872 291 914 offendit.
302 894 331 901 —
346 884 401 913 naun
417 876 503 913 estnon
518 872 585 914 solum
599 874 699 927 probrum
713 875 823 926 servitutis,

145 947 182 988 sed
200 946 292 987 universi
309 946 378 999 potius
397 945 523 986 miseriarum
541 950 615 998 status,
636 948 727 1000 dignitati
745 948 822 1000 Zionis,

145 1021 199 1061 sedis
208 1021 299 1060 Jehovae
314 1019 439 1059 exercituum
453 1031 496 1059 non
511 1019 658 1061 convenientis,
679 1021 772 1061 Remotis
786 1035 823 1062 an-

144 1098 185 1135 tem
202 1092 287 1133 moestis
302 1091 351 1142 illis,
369 1092 462 1132 restituta
479 1091 566 1144 pristina
583 1092 641 1132 urbis
659 1091 735 1145 gloria,
755 1093 823 1134 subla-

144 1171 187 1208 tum
206 1171 237 1207 est
254 1165 364 1218 probrum,
383 1165 439 1218 quod
458 1178 483 1205 eo
501 1177 567 1219 usque
583 1165 631 1206 urbi
649 1167 772 1219 portandum
793 1171 824 1208 est

143 1244 205 1294 atque
218 1238 354 1280 tolerandum.

187 1315 245 1364 Quae
261 1325 323 1365 quum
337 1311 364 1351 ita
378 1311 428 1361 sint,
444 1325 527 1352 sensum
541 1311 681 1364 indagavimus
695 1325 769 1354 versus
783 1325 822 1353 no-

144 1386 181 1427 stri
194 1398 237 1426 non
251 1387 292 1425 tam
309 1384 421 1425 verborum
439 1384 590 1425 difficultatibus
609 1398 670 1439 quam
689 1386 823 1439 interpretum

145 1458 270 1510 conjecturis
284 1458 390 1511 insignem.
423 1458 522 1498 Videmus
537 1462 603 1498 autem
618 1463 694 1509 vatem,
713 1463 823 1513 postquam

145 1532 216 1574 salutis
235 1532 315 1572 futurae
334 1530 472 1583 spectaculum
487 1545 533 1571 cum
548 1531 674 1571 auditoribus
689 1532 824 1572 communica-

143 1609 210 1656 verat,
226 1604 294 1646 subito
308 1609 436 1657 praesentem
450 1603 545 1644 miseriae
559 1608 639 1654 statum,
654 1605 748 1657 proxime
762 1605 823 1645 mise-

144 1680 221 1720 riorem
235 1679 325 1718 futurum
340 1677 452 1730 respicere,
468 1682 529 1730 atque
544 1690 580 1717 eos
595 1676 675 1727 intueri,
692 1676 765 1730 quibus
780 1690 823 1718 me-

144 1752 199 1793 dium
213 1750 289 1804 gratiae
304 1750 343 1803 piis
358 1750 432 1791 veteris
446 1749 562 1790 testamenti
575 1749 690 1800 maximum,
705 1750 752 1791 festi
767 1750 822 1791 scili-

144 1829 177 1866 cet
187 1825 277 1865 -Iehovae
293 1823 336 1864 dies
352 1823 458 1863 detrectati
473 1827 530 1871 snnt,
550 1836 638 1876 qnorum
653 1822 747 1876 querelas
762 1828 822 1877 atque

116 1944 120 1950 p
143 1897 212 1939 luctus
232 1896 278 1950 pius
297 1896 394 1937 describit
413 1895 473 1936 simili
492 1895 604 1936 calamitate
619 1895 703 1936 affectus
722 1896 755 1936 Ps.
764 1898 822 1938 XLII

144 1975 164 2012 et
177 1970 255 2021 XLIII,
276 1974 296 2010 et
315 1982 368 2023 quos
386 1969 443 2023 ipsos
462 1968 553 2022 depingit
566 1970 600 2009 Ps.
612 1968 744 2021 CXXXVII,
760 1983 823 2022 quum
881 1962 884 1969 ’

144 2044 229 2085 sedeant
247 2042 273 2082 ad
293 2042 377 2083 flumina
395 2041 477 2082 Babelis
499 2045 560 2095 atque
579 2041 673 2082 lacrimas
691 2043 836 2095 profundant„

144 2117 226 2171 quando
245 2115 373 2156 meminerint
392 2115 473 2161 Zionis3
496 2115 534 2155 hos
556 2114 618 2168 igitur
636 2114 738 2167 Zephania
757 2114 822 2168 respi-

143 2190 199 2231 ciens
217 2189 340 2241 ignominiae
355 2189 440 2229 Zionem
455 2188 562 2240 affligentis
572 2192 648 2238 testes,
667 2188 767 2228 dehovam
786 2201 823 2229 eos

143 2277 155 2304 e
173 2262 241 2303 medio
260 2262 387 2302 sublaturum
406 2275 451 2302 esse
465 2260 596 2313 vaticinatur,
616 2266 639 2302 ut
652 2260 754 2301 moestitia
768 2261 824 2301 omni

142 2336 163 2377 in
183 2335 279 2376 laetitiam
298 2347 398 2375 conversa
415 2347 458 2374 non
477 2334 563 2387 amplius
583 2334 609 2375 sit
622 2338 714 2375 moestus
729 2335 750 2374 in
764 2334 822 2386 urbe,

143 2409 202 2451 ouius
216 2409 296 2449 Jehova
309 2409 381 2460 flagrat
395 2420 471 2447 amore.

184 2495 204 2522 v.
214 2482 248 2522 19.
277 2482 330 2521 Ecce
343 2494 379 2534 ego
391 2494 510 2534 egenarum
522 2480 613 2522 ornuidus
623 2480 769 2534 oppressoribus
781 2482 823 2520 tuis

143 2553 231 2608 recepere
244 2554 289 2604 illo,
304 2559 325 2594 et
337 2553 417 2594 servulo
432 2555 581 2595 claudicantem
591 2559 612 2593 et
623 2553 727 2606 expulsam
738 2567 823 2607 coaegre-

141 2628 194 2682 gubo
208 2626 322 2682 etfaciam
337 2640 368 2667 eos
382 2627 463 2668 desudem
477 2632 498 2666 et
509 2640 583 2667 nomeu
594 2627 618 2665 e'u
628 2626 685 2665 aazia
697 2631 754 2666 terre
764 2628 823 2679 egeo-

142 2704 218 2743 me'ru'ue
235 2703 331 2754 ipsorum.
359 2700 391 2742 Ne
409 2700 502 2741 videatur
517 2698 578 2739 dubia
595 2699 705 2751 promissio
721 2699 746 2740 de
761 2700 823 2740 reduss

144 2775 211 2817 ctione
227 2776 252 2816 ad
270 2777 383 2816 conventus
398 2773 504 2828 publicos,
523 2786 586 2827 quum
604 2773 681 2814 reditus
696 2777 757 2826 atque
771 2772 823 2813 Iibe-
