1792 3089
323 103 366 154 cm
374 118 410 160 111,
425 129 441 162 v.
454 117 470 153 5.
709 118 737 159 97

1 246 3 248 ·
60 224 170 278 gnificatnr‘
181 225 206 266 cf.
221 224 295 264 Ezech.
305 222 384 276 XXIV,
396 224 430 263 26.
447 245 473 254 -
489 218 586 274 Sequitur
599 218 690 260 muneris
704 231 737 260 sa-

60 299 167 341 cerdotalis
182 311 230 353 pars
245 297 318 349 altera,
335 311 374 352 qua
387 296 454 350 legem
469 295 558 342 divinam
571 293 702 335 asservabant
717 297 738 334 et

58 373 249 427 interpretabantur,
264 371 298 411 cui
312 371 369 412 salvo
377 370 479 424 dignitatis
488 371 582 423 ipsorum
592 369 657 421 gradu
664 368 736 410 deesse

58 461 101 489 non
118 451 219 501 poterant.
248 446 297 486 Ideo
313 455 364 490 nun
379 455 442 497 teon,
460 444 502 487 vim
518 433 609 483 inferunt
622 442 673 496 legi,
691 443 736 484 vio-

59 521 125 561 lenter
143 534 186 560 eam
204 523 309 573 torquent,
331 518 403 559 callida
421 522 441 558 et
457 530 555 571 perversa
569 516 736 570 interpretatione

1 619 3 644 p
59 607 142 634 sensnm
156 597 321 645 corrumpentes,
334 595 398 645 prout
411 591 461 643 ipsis
472 590 540 638 lubet,
556 590 614 631 cuius
626 590 736 631 violentiae

59 666 151 719 exempla
164 665 269 718 praeclara
283 664 368 716 praebet
382 677 459 705 nomam
472 667 622 715 testamentum,
635 667 679 703 tota
692 663 736 704 fere

0 727 5 792 ζ
59 739 124 782 orario
141 737 217 779 aaran
230 737 251 778 m
265 741 334 777 mone
348 737 416 779 nana
429 737 498 780 aratra,
513 737 539 779 v.
553 737 589 777 ur.
601 737 675 777 aare
690 737 736 789 vn,
766 765 768 773 .

59 811 158 855 10-13.
182 812 241 853 Haud
255 811 399 864 negligendum
414 817 450 862 est,
465 813 506 851 v.3
521 814 587 852 vatem
600 810 632 851 bis
641 810 738 863 posuisse

58 887 162 940 imagines,
177 886 208 926 rei
222 884 339 926 foeditatem
354 884 502 937 descriptorem
517 886 568 925 liaeo
579 888 738 937 autempecoata

59 961 113 1001 tanta
128 963 185 1010 sunt,
199 964 223 1000 ut
236 959 353 999 nominasse
368 971 392 998 ea
406 958 498 998 sufficiat.

100 1047 120 1074 r.
131 1034 150 1072 5.
175 1031 254 1073 Jeaoaa
266 1033 332 1071 aaran
347 1036 377 1071 ert
389 1032 413 1071 ab
426 1031 491 1076 taedio
506 1032 559 1080 ea'ar,
573 1045 615 1072 aon
622 1032 685 1086 facit
697 1034 737 1074 aaa

57 1107 165 1160 quitatem
183 1106 252 1158 quovis
268 1118 328 1145 1110111
345 1104 445 1145 iactatam
459 1118 520 1145 saram
528 1105 616 1158 profert
628 1107 651 1146 ab
665 1106 736 1157 lucem,

58 1193 95 1220 aec
104 1180 142 1219 scit
153 1179 235 1233 deceperas
241 1177 347 1230 pedorem.
370 1177 436 1220 Statui
444 1177 517 1231 poprdi
531 1183 629 1233 corrupto
644 1192 663 1220 v.
673 1180 737 1220 1-4

60 1254 162 1306 descripto
182 1253 294 1306 opponit-nr
305 1252 348 1303 J'am
365 1252 398 1293 dei
417 1252 498 1293 iustitia.
528 1253 571 1293 Lex
585 1255 606 1294 in
620 1268 639 1295 v.
655 1257 737 1295 antece-

59 1327 119 1368 dente
134 1327 237 1367 nominata
251 1324 337 1367 verbum
351 1325 402 1366 illud
413 1325 446 1365 dei
460 1325 539 1377 „sancti
549 1331 620 1379 estote,
636 1327 689 1368 sicut
698 1341 736 1382 ego

59 1405 141 1442 sanetus
156 1401 223 1451 sum,“
237 1400 259 1439 in
272 1403 361 1452 mentem
375 1396 517 1448 revocaverat;
534 1400 590 1453 quod
600 1400 650 1441 deus
660 1414 685 1442 eo
694 1415 737 1442 ma-

58 1475 88 1527 gis
98 1473 165 1527 potuit
172 1473 269 1526 flagitare,
284 1486 346 1526 quum
360 1471 439 1524 populo
454 1473 548 1526 peccanti
556 1486 660 1527 nunquam
669 1487 737 1517 exem-

58 1548 115 1601 plum
127 1561 186 1588 sunm
195 1547 332 1587 detrectasset.
355 1546 412 1595 Quae
423 1545 487 1586 verba
499 1550 547 1587 sunt
559 1547 618 1588 etiam
630 1548 694 1600 magis
708 1549 737 1589 es-

59 1621 134 1671 ficacia,
150 1620 246 1674 qnoniam
254 1619 305 1670 legis
317 1618 430 1658 doctrinam
439 1618 504 1671 ipsam
514 1619 626 1672 respiciunt
641 1620 666 1660 cf.
674 1621 736 1663 Dent.

58 1694 151 1745 XXXII,
167 1694 186 1734 4,
209 1692 256 1745 „dei
274 1705 326 1744 opus
346 1695 377 1732 est
394 1691 517 1744 perfectum,
538 1706 586 1734 nam
603 1706 674 1735 omnes
691 1694 736 1735 viae

59 1767 102 1807 eins
118 1770 165 1807 sunt
179 1767 221 1815 ius;
238 1767 288 1806 dens
302 1766 368 1806 fidelis
384 1769 404 1805 et
419 1779 492 1819 expers
503 1766 620 1821 iniquitatis,
635 1768 702 1809 iustus
717 1773 738 1809 et

58 1840 136 1893 probus
154 1840 198 1893 ipse
217 1840 268 1880 est.“
283 1863 310 1871 -·
333 1837 386 1884 sibu)
401 1837 500 1882 501555
518 1841 640 1894 interpretes
654 1841 738 1895 plurimi

58 1927 121 1967 (partim
142 1913 263 1955 relationem
280 1913 306 1953 ad
324 1914 385 1954 Dent.
401 1913 505 1966 negligant
522 1913 626 1968 verbaque
650 1915 675 1955 de
695 1916 736 1957 >deo

60 1987 112 2027 diota
126 1987 151 2028 iis
165 2000 209 2028 non
223 1986 354 2038 conveniant,
375 1987 436 2027 deum
449 1987 609 2040 interpretantur
622 2002 666 2030 non
681 2002 737 2031 com-

58 2060 168 2102 missurum
184 2074 235 2113 esse,
250 2064 274 2101 nt
284 2061 448 2114 populipeoeata
456 2060 530 2101 abeant
537 2060 635 2114 impunita
642 2063 737 2106 Boream.

61 2133 170 2184 Coellm'm,
189 2135 245 2189 qnod
259 2136 283 2176 P.
298 2134 394 2175 abaram
412 2135 491 2176 facilius
510 2139 616 2177 assecutus
636 2150 681 2178 esse
699 2137 739 2179 sibi

58 2207 138 2249 videtur
151 2209 200 2250 voci
214 2206 265 2252 aba
279 2209 384 2250 notionem
397 2210 480 2262 tegendi
493 2209 592 2262 tribuens,
608 2210 642 2251 cui
655 2214 741 2261 senten-¹

57 2281 96 2322 tiae
114 2282 177 2322 mirae
194 2282 228 2323 vel
246 2296 266 2325 v.
282 2284 309 2323 13
328 2286 434 2337 repugnat.
462 2284 541 2324 Verum
560 2288 580 2325 et
593 2284 702 2326 nervosius
718 2290 738 2326 et

57 2355 167 2396 verborum
183 2356 253 2397 sensui
266 2357 439 2398 accommodatius
455 2357 487 2397 dei
501 2357 577 2398 iustitia
591 2358 680 2412 primum
694 2372 745 2400 ser-v

57 2440 118 2468 mone
137 2429 212 2482 aiente,
236 2430 310 2471 deinde
328 2434 415 2484 negante
434 2431 526 2474 docetur.
546 2457 573 2465 —
596 2434 652 2474 Haec
670 2437 738 2475 autem

59 2500 92 2540 dei
109 2506 182 2543 natura
199 2504 309 2557 perspicua
323 2505 346 2545 fir
361 2518 386 2545 ex
401 2505 498 2558 operibns
514 2507 563 2548 eius.
593 2509 738 2560 1033100011-

58 2577 102 2614 tum
119 2588 187 2629 neque
203 2578 333 2619 uelocitatem
347 2579 423 2620 indicat
437 2580 549 2632 (Theodec.
563 2581 652 2634 Mam),
670 2595 738 2637 neque

58 2646 162 2702 loquentis
177 2651 258 2693 affectui
271 2652 306 2694 vel
315 2653 416 2695 dictorum
424 2655 739 2706 confirmationiadscribendum
799 2685 800 2688 =
831 2647 833 2651 ”

589 2724 602 2764 7
