1792 3089
131 229 173 268 124
365 226 407 261 Car.
419 227 456 268 III,
468 239 483 260 v.
496 225 576 261 las—20.

130 336 203 379 ericam
217 344 268 383 quae
282 335 354 371 onusta
368 344 388 370 es
400 328 480 383 probro.
502 330 590 370 Versum
605 329 660 369 hunc
675 341 700 368 ex
715 329 810 371 omnibus

131 404 246 457 Zephaniae
260 404 355 445 versibus
369 403 503 455 interpretum
512 402 641 444 dissensione
653 402 739 443 maxime
749 416 812 444 vexa-

132 481 185 529 tum⁷
204 478 232 517 ita
245 478 288 517 fere
305 477 459 530 explicavimus,
479 479 502 516 ut
518 475 618 517 Coellnias
633 489 679 516 eum
692 477 811 536 proposuit3

132 563 185 603 quae
203 551 344 602 interpretatio
360 563 419 603 quam
434 549 460 589 sit
473 562 533 599 vera,
553 547 571 587 si
586 547 635 588 alias
651 546 703 603 quae
716 549 813 590 videntur

131 627 245 663 memoratu
257 623 329 676 dignae
341 622 511 673 recensuerimus,
527 621 639 673 apparebit.
661 622 751 663 Primum
759 623 812 663 enim

131 697 192 737 LXX
213 696 283 749 primis
304 695 372 736 verbis
394 709 440 735 cum
459 691 675 736 versu‘antecedente
696 697 811 749 conjunctis
878 686 879 689 Ἴ

130 770 217 809 multum
235 783 245 809 a
261 782 324 809 sensu
342 768 452 808 deflectens
471 768 626 820 iuterpretatur:
649 760 679 816 dg
697 763 719 809 ἒν
738 762 812 825 ἡμὲρρι
882 819 889 826 ,¹

132 835 218 895 ἑορτῆς.
244 837 292 880 Καὶ
307 833 393 888 συνάξω
408 835 461 888 τοὺς
476 834 676 893 συντετριμμένους
690 853 737 893 σον,
753 835 811 891 obul,

432 905 541 923 2³2!

131 908 166 961 τὶς
184 907 264 966 ἔλαβεν
283 906 409 965 ὀνειδισμὸν
428 925 458 952 ert
486 925 564 966 αντρν,
583 926 669 965 prorsus
688 915 747 954 aliam
761 917 812 956 scri·
871 925 890 964 u,

131 992 212 1040 pturam
225 1000 320 1041 sequens.
338 986 412 1040 Neque
423 986 489 1026 minus
503 989 556 1025 errat
562 986 710 1037 lheronpmus:
725 1001 810 1041 „nugas

133 1074 184 1115 quae
199 1060 270 1112 alege
288 1063 428 1109 recesserunt,
448 1057 588 1110 congregabo,
610 1057 657 1111 quia
672 1072 697 1099 ex
711 1064 731 1100 te
747 1053 822 1112 eraut,¹
880 1043 887 1116 ρ’

130 1138 154 1193 ut
172 1147 215 1174 uon
233 1133 287 1173 ultra
304 1133 379 1173 habeas
398 1144 461 1184 super
475 1131 499 1171 iis
515 1131 673 1183 opprobrium,“
693 1133 770 1174 addens
785 1135 811 1174 ad
872 1115 894 1174 l

131 1201 196 1261 nugas
211 1210 334 1260 „propterea
349 1204 431 1245 anobis
446 1204 473 1244 ita
487 1208 510 1244 ut
523 1203 545 1243 in
552 1203 646 1244 Hebraeo
662 1211 705 1246 erat
714 1206 810 1259 positum,
882 1187 893 1203 *l

131 1284 155 1321 ut
172 1293 235 1321 nosse
249 1280 362 1332 possimus,
384 1278 473 1331 linguam
488 1276 608 1317 Hebraicam
627 1278 717 1319 omnium
730 1279 810 1332 liugua-

132 1367 179 1395 rum
192 1366 237 1394 esse
251 1352 380 1393 matricenrl“
399 1353 456 1401 Quas
467 1362 532 1403 nugas
546 1350 640 1390 omittere
652 1351 686 1391 alii
700 1352 751 1392 adeo
765 1366 811 1393 mo-

131 1426 171 1467 rati
185 1430 238 1476 sunt,
253 1430 282 1476 ut,
296 1425 361 1466 veluti
369 1425 463 1472 Druidas,
479 1423 577 1475 exemplis
588 1436 614 1462 ex
624 1425 758 1477 scriptoribus
767 1426 810 1466 Ro-

131 1500 196 1540 manis
215 1499 293 1552 petitis,
312 1498 371 1538 aliam
388 1510 488 1549 nugarum
507 1496 675 1549 significationem
690 1498 810 1550 invenirent,

133 1586 173 1627 qua
188 1573 228 1613 sint
246 1572 335 1612 carmina
345 1568 491 1623 ‘praeficarum,
512 1582 564 1622 quae
581 1569 705 1610 canebantur
719 1571 740 1611 iu
755 1584 810 1611 mor-

132 1650 215 1687 tuorum
228 1644 316 1685 laudem.
338 1643 407 1684 Missis
422 1647 489 1682 autem
503 1643 534 1683 his
548 1642 608 1694 nugis
623 1643 703 1695 singula
718 1658 811 1699 quaeque

132 1720 205 1770 verba,
221 1731 309 1772 quorum
322 1715 484 1770 unumquodque
499 1715 532 1755 alii
546 1715 606 1755 aliter
619 1716 755 1769 explicarunt,
769 1722 811 1759 tra-

133 1793 205 1833 ctanda
219 1796 272 1832 sunt.
281 1813 307 1818 ⁴-
322 1799 361 1833 *aaa
375 1796 468 1829 veterum
481 1788 579 1841 permulti
593 1789 710 1831 derivarunt
721 1792 812 1833 aradice

133 1876 174 1907 nau
189 1865 274 1905 notione
289 1862 417 1912 removendi3
432 1866 517 1903 atvero
532 1876 594 1915 quum
609 1863 707 1903 omissum
719 1876 733 1904 η
745 1878 812 1918 gram-

133 1939 205 1979 matice
220 1936 325 1978 iustificari
340 1940 434 1990 nequeat7
450 1935 576 1976 recentiores
592 1949 663 1977 omnes
677 1951 749 1978 vocem
759 1952 812 1979 ara-

133 2012 178 2052 dice
198 2023 231 2053 nn
250 2010 380 2050 derivandam
396 2022 441 2050 esse
460 2009 597 2050 consentiunt.
626 2009 679 2050 Huic
693 2014 761 2051 autem
775 2012 813 2053 du-

132 2085 182 2138 plex
196 2088 277 2125 constat
290 2083 355 2133 notio,
371 2082 435 2122 altera
448 2082 568 2123 removendi
582 2082 646 2122 altera
659 2083 748 2136 lugendi.
774 2085 812 2125 Illa

133 2169 216 2223 quidem
235 2166 355 2220 significatio
374 2167 474 2219 probatur
492 2167 574 2207 arabico
589 2174 646 2220 &a
667 2169 812 2221 conjugatione

132 2243 161 2282 IV
177 2247 197 2282 et
210 2240 285 2293 legitur
299 2240 378 2280 IlSam.
387 2240 439 2291 XX,
455 2240 491 2286 13;
508 2240 545 2280 sed
559 2241 676 2293 conjugatio
690 2242 760 2295 niphal
773 2243 812 2283 hae

132 2316 217 2356 notione
233 2327 277 2354 non
295 2317 411 2365 usurpatur.
445 2313 536 2353 Eandem
551 2327 602 2354 vero
620 2315 706 2355 formam
724 2315 811 2369 legimus

132 2389 207 2428 Thren.
223 2388 241 2438 l,
257 2389 279 2438 4,
297 2386 333 2426 ubi
348 2386 408 2427 dolor
422 2385 531 2440 luctusque
546 2392 616 2441 aperte
630 2388 739 2438 indicatum
758 2403 810 2443 quae

133 2462 192 2503 notio
206 2461 282 2513 legitur
297 2458 356 2499 etiam
371 2461 445 2499 Thren.
455 2461 470 2510 Ι,
486 2462 506 2500 5.
521 2461 556 2512 ΙΙΙ,
571 2462 605 2502 32.
621 2461 654 2502 33.
672 2462 714 2502 Jes.
729 2463 762 2512 LI,
777 2463 811 2504 23.

133 2535 180 2576 Job.
195 2534 261 2584 XIX,
276 2533 299 2583 ⁶2,
320 2546 382 2586 quare
397 2534 481 2574 dubium
499 2534 585 2587 amplius
603 2547 649 2575 esse
663 2535 744 2588 nequit,
763 2537 812 2589 quin

132 2619 171 2652 aaa:
187 2608 227 2649 sint
236 2606 336 2656 dolentes,
351 2608 429 2658 moesti,
444 2621 540 2648 moerore
549 2607 620 2647 affecti.
630 2628 657 2635 -
672 2618 724 2653 uuio
738 2609 812 2650 iterum
838 2633 841 2635 ·

134 2681 210 2735 duplici
229 2693 292 2722 sensu
309 2679 384 2732 legitur
401 2681 435 2721 vel
452 2681 550 2734 temporis
568 2680 674 2722 constituti
691 2686 751 2737 atque
765 2684 813 2724 festi

134 2754 167 2794 vel
182 2758 301 2796 conventus.
331 2753 423 2795 Priorem
438 2756 461 2795 P.
474 2755 570 2796 marcianus
586 2755 613 2795 ita
627 2755 714 2807 adhibet,
729 2761 752 2797 ut
765 2770 812 2798 ver-
