1792 3089
170 157 212 199 108
281 125 285 134 ¹
413 151 455 186 Cae.
467 151 503 193 111,
515 164 531 187 v.
542 151 611 189 8-13.

170 273 232 312 supra
247 258 399 312 explicavimus,
414 256 500 309 cogitari
514 269 557 297 non
571 261 664 309 possunt,
681 256 772 312 quamvis
786 258 848 299 Είολ-

170 334 253 374 λονναάο
270 332 306 373 rel
323 335 390 373 textus
407 329 476 371 verbis
492 342 528 371 eos
543 331 626 374 inserat.
642 355 668 364 -
683 340 705 370 *a
721 331 783 382 Quod
798 332 848 373 deus

169 395 280 460 proposuit
293 405 398 455 indicium,
418 404 440 444 id
456 404 496 444 iam
510 404 581 456 paucis
596 404 707 446 verborum
720 405 847 458 ponderibus

169 483 226 521 vates
242 479 394 532 complectitur,
409 477 481 518 iisdem
495 480 555 518 utens
569 478 667 528 vocibus,
683 492 733 532 quas
748 479 774 519 ad
788 481 807 530 i,
821 480 848 520 18

169 553 256 594 vidimus
275 550 374 605 perniciei
392 550 533 591 certitudinem
553 551 673 603 exprimere.
702 551 796 593 Alterum
809 554 849 593 hec

170 636 192 666 a:
206 625 272 679 priori
287 629 318 667 est
336 625 397 678 igitur
412 624 563 675 coordinatum,
583 623 611 664 ita
630 627 653 664 ut
668 626 752 666 eandem
767 630 849 666 senten-

170 700 217 741 tiam
231 702 376 752 proponat.-
385 694 432 738 aa:
448 698 473 739 cf.
487 700 506 748 I>
521 698 548 738 18
564 700 584 738 et
598 698 708 752 praecipue
722 699 764 740 tes.
773 700 849 750 LXVI,

171 773 204 813 15.
221 773 257 821 165
283 785 344 826 quem
361 772 431 812 locum
449 771 564 825 Zephaniae
585 775 671 825 propter
688 772 805 827 frequentes
824 774 850 813 ad

171 846 225 886 idem
239 847 279 886 hoe
297 853 358 899 caput
372 845 484 886 allusiones
501 844 545 885 iure
564 845 704 886 concludimus
720 846 850 887 obversatum

173 932 228 971 esse,
248 933 310 973 quum
326 919 351 959 de
366 918 438 958 eodem
453 920 525 958 contra
541 930 612 959 omnes
627 922 698 970 gentes
712 919 787 959 iudicio
802 932 850 972 age-

171 997 210 1033 tur.
230 1015 257 1024 -
272 1001 329 1042 rma
348 1004 399 1045 quae
419 993 437 1041 Ι,
457 989 484 1031 18
503 989 600 1029 deterre
618 989 703 1031 Judaica
719 991 851 1046 intelligenda

172 1069 224 1116 eret,
239 1064 279 1105 iam
294 1068 325 1105 est
339 1068 394 1106 totns
409 1067 510 1104 terrarum
525 1062 587 1104 orbis.

216 1138 340 1179 Sententiam
354 1150 427 1179 versus
441 1136 508 1177 nostri
522 1149 534 1176 a
547 1136 616 1177 multis
631 1141 687 1178 recte
700 1151 742 1180 non
753 1139 851 1181 intellecti

173 1213 253 1265 egregie
272 1211 378 1264 perspexit
399 1209 515 1251 Theodorus
532 1211 695 1263 Mopsuesteaur:
719 1207 758 1252 καί
776 1209 851 1252 διατε-

172 1282 232 1324 λεῖτε
246 1280 272 1324 δὲ
287 1280 345 1339 πρὸς
360 1280 400 1334 ἐμὲ
414 1276 544 1337 άφορῶντες
559 1278 597 1322 καὶ
611 1278 651 1322 τίν
665 1279 712 1338 παρ
728 1279 782 1336 ἐμοῦ
796 1285 852 1340 βοη-

172 1352 239 1398 θείαν
258 1349 413 1408 ἀναμένοντες,
432 1345 459 1408 ἣν
474 1351 531 1395 κατὰ
546 1351 625 1410 καιρὸν
639 1348 691 1408 ὑμῖν
705 1351 806 1413 παρέξω,
822 1351 853 1406 ὡς

174 1426 198 1471 ἐκ
220 1428 304 1484 νεκρῶν
324 1422 384 1485 ὑμᾶς
406 1422 500 1468 άνίστων
520 1424 558 1468 καὶ
581 1421 730 1468 ἀπαλλάττων
751 1425 791 1480 μὲν
812 1429 853 1485 τῆς

174 1497 335 1555 αἰχμαλωσίας,
352 1493 468 1553 ἐπανάγων
477 1497 502 1540 de
513 1493 599 1549 πάντας
610 1494 668 1552 ὑμᾶς
680 1498 719 1542 ἐπὶ
729 1497 757 1542 τὰ
772 1497 852 1543 οἰκεῖα.

176 1569 233 1616 Τότε
245 1570 287 1629 γάρ
298 1568 325 1627 δὴ
337 1566 436 1624 μάλιστα
451 1570 514 1627 σαφῆ
525 1567 565 1628 τὴν
577 1568 651 1628 κρίσιν
663 1569 853 1629 ἒπιάείξομαιτὴν

174 1644 235 1703 ἐμὴν,
248 1637 275 1702 ἢν
283 1639 341 1700 ὗπὲρ
351 1638 412 1697 ὑμῶν
422 1638 549 1700 ποιήσομαι
562 1640 614 1694 τοὺς
622 1641 764 1697 πανταχόθεν
772 1640 854 1704 άθροι-

175 1717 281 1772 ζομένοος
300 1710 489 1759 steatomata&
504 1712 614 1774 τιμωρίαν
629 1709 688 1772 dyeia
703 1743 731 1750 —-
746 1713 782 1761 ὅτι
797 1718 853 1761 κατά

174 1793 218 1834 τῶν
234 1787 323 1834 οἰκείων
338 1787 396 1842 ἐμῶν
410 1783 562 1844 τετολμήκασι
576 1790 689 1835 τοσοῦτον.

217 1882 235 1908 r.
245 1868 265 1907 9.
291 1865 344 1906 diem
359 1870 403 1905 terra
417 1870 532 1905 coercentem
546 1864 574 1905 cd
584 1866 669 1919 μομαίον
683 1865 759 1907 λαίλαπι
768 1880 854 1920 proriam,

174 1947 200 1983 et
212 1943 307 1982 κῖκοοοοκτ
320 1952 386 1980 enims
400 1951 473 1979 κονκοπ
487 1938 582 1988 senecae,
597 1944 622 1979 et
636 1941 760 1982 serenaret
772 1941 855 1983 λανκτνο

175 2029 222 2056 acne.
252 2013 350 2067 Sequitur
366 2013 408 2065 jam
426 2011 512 2053 alterum
530 2011 643 2053 membrum
657 2000 794 2055 Israelitarum
812 2017 856 2068 spei

175 2089 328 2129 fundamentum
341 2085 449 2138 praebens.
461 2108 487 2114 -
502 2096 524 2125 ³3
538 2086 680 2138 coordinatum
694 2088 759 2140 priori
773 2099 794 2127 *a
809 2102 855 2129 ver-

176 2175 211 2203 sus
230 2160 297 2201 octavi
315 2159 369 2199 idem
388 2159 473 2210 indicat,
495 2160 551 2212 quod
570 2161 711 2202 annotavimus
726 2162 752 2201 ad
768 2163 795 2213 ΙΙ,
817 2162 854 2212 λίς

176 2235 267 2289 gentium
282 2232 336 2274 enim
350 2233 473 2285 supplicium
486 2233 541 2273 hand
555 2232 613 2274 aliter
628 2248 652 2275 ac
666 2235 792 2276 iudaeorum
805 2249 856 2290 poe-
883 2285 885 2288 f

176 2323 215 2351 nae
230 2321 255 2348 eo
270 2307 366 2357 tendunt,
381 2311 404 2347 ut
419 2307 480 2347 deum
494 2311 606 2359 agnoscant
620 2320 665 2349 esse
681 2308 741 2350 deum
756 2323 821 2350 sunm.
830 2333 856 2343 -

178 2393 234 2433 anan
250 2380 326 2434 duplici
340 2380 420 2421 ratione
435 2380 554 2433 intelligitur
569 2386 603 2422 aut
617 2383 703 2424 notione
714 2383 812 2423 reflexiva
823 2388 858 2425 aut
892 2406 894 2408 v

176 2455 288 2496 transitiva.
322 2453 381 2494 Prior
398 2454 442 2504 illa,
463 2467 524 2507 quam
537 2454 642 2495 [καλλίονας
661 2468 743 2509 quoque
759 2457 857 2510 sequitur,

177 2529 333 2580 interpretatur,
349 2526 408 2567 deum
423 2540 445 2569 se
461 2540 610 2573 conversurum
624 2541 669 2569 esse
683 2529 709 2569 ad
723 2529 813 2583 populos
827 2530 857 2570 la-

177 2601 212 2642 bio
226 2614 292 2654 puro,
313 2598 390 2640 sedicet
404 2600 459 2641 labio
475 2614 582 2643 servorum
598 2614 683 2655 suorum
696 2606 757 2657 etque
772 2606 857 2656 aposto-

177 2674 245 2715 lorum
261 2677 320 2715 antea
338 2686 381 2714 non
396 2674 475 2725 audito3
497 2675 588 2729 quamvis
607 2678 674 2717 autem
693 2686 733 2727 aaa
752 2677 857 2718 notionem
