1792 3089
372 142 413 183 en.
426 148 462 190 111,
475 160 490 180 v,
503 146 530 182 a.
751 149 792 189 aaa
840 121 842 123 ’

113 254 198 295 rationis
214 245 319 295 obstacula
332 258 447 307 repugnent
454 254 508 295 lraud
520 253 599 306 exigua,
613 251 723 311 pollicetur
734 253 791 302 deus,

71 313 74 317 ’
125 328 195 369 efcre
210 327 309 368 eeclesiae
324 340 372 368 snae
387 328 528 378 liberatorem,
545 316 792 379 utcunquemagna‘sint

115 400 195 452 objecta
209 401 352 454 impedimenta
369 406 429 456 atque
445 401 556 442 obstacula¹
572 424 599 431 -
615 403 661 442 nina
674 413 717 441 nen
731 399 792 440 habet

112 473 153 513 vim
167 475 301 527 praeparandi
315 477 341 516 ad
355 476 483 526 sacrificium,
499 476 551 515 Gen.
561 473 638 524 XVIII,
654 475 673 514 7.
689 474 709 521 8,
723 486 791 527 neque

113 548 260 602 comprimendi
273 548 307 590 vel
322 549 435 602 subigendi,
450 562 510 602 qnam
518 548 631 588 tarra-eras
645 547 698 589 sicut
711 547 733 587 in
747 538 791 590 uon)

112 623 227 675 primariam
241 623 310 674 habet,
330 636 397 675 neque
412 624 470 663 etiam
485 621 587 676 hostiliter
605 621 678 674 agendi
692 635 739 662 cum
753 620 790 661 ali-

115 709 167 749 quo,
185 697 206 736 id
224 697 281 748 quod
297 695 396 737 Coclluz'ur
411 700 431 736 et
445 696 539 736 Boream.
555 696 652 748 probant,
672 695 710 736 sed
723 696 791 736 Harae-

112 769 160 821 gtar
174 768 227 809 bene
244 772 324 819 monet,
344 782 390 810 esse
404 768 510 809 notionem
527 767 644 820 generalem
657 769 731 822 agendi
745 783 792 810 cnm

113 840 183 895 aliquo
194 841 218 882 ef.
229 844 248 892 I,
259 843 293 883 18.
318 842 391 883 Ezeelr.
400 844 482 892 XXIII,
492 843 526 882 25.
547 842 590 882 Jer.
600 843 681 893 XVIII,
689 842 724 892 23,
740 855 792 897 quae

114 927 140 954 ex
158 928 213 956 nexu
230 915 375 956 sententiarum
394 915 508 956 definiatur.
541 916 635 957 Eundem
649 916 733 957 sensum
750 929 792 957 vox

125 988 232 1040 aepissime
253 989 339 1042 praebet
359 1003 406 1029 cum
424 989 611 1042 praepositionibus
631 985 692 1030 bvel
710 1001 723 1027 a
741 1001 792 1031 con-

114 1064 192 1112 iuncta,
210 1063 265 1102 unde
281 1068 366 1115 apparet
383 1074 412 1103 nn
429 1075 472 1103 non
487 1074 533 1103 esse
547 1066 616 1102 notam
630 1063 741 1104 accusativi
755 1064 792 1105 sed

114 1134 296 1187 praepositionem:
312 1150 368 1184 cunm
384 1137 409 1176 cf.
418 1136 492 1176 Ezeeh.
504 1137 552 1186 VII,
568 1135 605 1176 27:
620 1136 733 1177 seeundum
748 1137 791 1178 vias

115 1219 186 1247 eorum
204 1208 274 1249 faciam
293 1223 339 1249 cum
358 1209 392 1258 iis,
412 1210 476 1249 forma
495 1208 548 1249 enim
562 1219 609 1252 min
623 1198 677 1249 idem
691 1209 793 1263 significat

114 1293 138 1320 ae
153 1291 198 1332 run,
214 1295 266 1335 qnae
280 1282 301 1322 in
314 1282 371 1323 libris
385 1283 416 1323 his
431 1283 540 1335 praecipue
554 1282 705 1334 posterioribus
720 1283 750 1323 illi
759 1282 792 1323 lo-

115 1366 161 1393 cum
169 1355 237 1405 cessit,
252 1356 277 1396 ef.
287 1356 369 1397 Eaecrlcb'
376 1368 459 1408 gramm.
467 1355 515 1396 min.
524 1368 569 1407 pag.
578 1356 626 1395 294.
647 1356 672 1395 cf.
681 1355 724 1396 Jos.
732 1356 792 1406 XIV,

51 1461 63 1470 a,
115 1426 152 1465 12:
175 1427 263 1468 fortasse
280 1428 359 1469 Jehova
378 1429 416 1468 erit
433 1436 479 1469 111111
498 1440 579 1468 meeum
596 1432 616 1467 et
635 1427 736 1481 expellam
756 1441 793 1469 eos

46 1515 52 1548 ῑ
115 1502 168 1543 sicut
181 1502 263 1543 locutus
279 1505 310 1541 est
323 1502 412 1553 Jelrova,
428 1506 448 1542 et
462 1502 504 1541 Jer.
512 1503 561 1552 XX,
577 1501 614 1541 11:
636 1506 656 1542 et
669 1502 748 1543 Jehova
763 1506 794 1543 est

51 1570 55 1575 ”
116 1586 162 1619 anis
176 1589 256 1616 mecum
270 1574 323 1616 sicut
340 1576 402 1616 heros
416 1574 507 1625 validus,
525 1577 636 1626 propterea
648 1579 794 1627 persecutores

115 1647 155 1686 mei
169 1648 303 1689 collabentur.
319 1672 345 1679 -
365 1657 408 1687 nau
428 1647 484 1701 quod
501 1647 621 1687 incredibile
636 1652 667 1688 est
681 1649 794 1702 seermdum

116 1721 183 1762 carnis
198 1734 290 1772 sensum,
310 1721 331 1761 id
347 1721 438 1761 Jehovae
451 1724 492 1761 tam
508 1724 539 1761 est
553 1726 641 1772 eertum,
660 1726 683 1763 ut
698 1726 794 1763 eventum
831 1747 851 1752 ›-

117 1795 175 1849 quasi
190 1794 252 1847 digito
266 1797 372 1834 monstret.
388 1818 414 1825 -
436 1803 498 1843 nanno
513 1793 538 1834 cl.
553 1794 595 1837 Jes.
609 1795 653 1846 LX,
669 1797 706 1835 14:
726 1800 746 1836 et
759 1809 795 1837 ve-

115 1870 172 1909 nient
186 1869 316 1909 incurvantes
331 1881 353 1908 se
367 1867 404 1908 filii
419 1879 567 1920 oppressorum
580 1871 664 1909 tuorum
673 1872 794 1922 etproster-

114 1947 165 1984 ueut
182 1956 205 1983 se
219 1943 245 1982 ad
258 1942 348 1995 plantam
361 1941 437 1994 pedum
450 1944 534 1981 tuorum
552 1953 628 1991 omnes,
639 1938 794 1985 contemnentes

115 2022 142 2057 te.
171 2017 192 2056 Id
209 2016 265 2068 quod
279 2028 298 2054 v.
309 2016 335 2054 15
351 2027 402 2055 vooe
416 2014 481 2055 hostis
497 2013 604 2055 collective
618 2015 729 2057 indicatum
744 2022 793 2069 erat,

115 2090 160 2140 iam,
175 2089 211 2130 ubi
225 2102 266 2129 non
282 2087 353 2128 iubilat
366 2092 429 2139 vates,
445 2088 482 2127 sed
491 2087 591 2129 demissos
606 2093 667 2143 atque
681 2103 795 2144 oppressos

117 2163 246 2211 consolatur,
268 2162 382 2202 accuratius
402 2161 490 2215 explicat
507 2161 576 2202 addito
595 2171 648 2202 remu
668 2173 710 2204 nra:
730 2155 796 2206 Cala:

115 2249 203 2288 „nempe
218 2235 377 2288 exspectandum
392 2248 437 2276 esse
452 2236 521 2288 quoad
534 2234 635 2287 placuerit
643 2235 682 2276 deo
698 2248 796 2278 exercere

116 2310 216 2363 populum
233 2323 292 2349 suum
307 2309 345 2349 sub
361 2322 428 2349 cruce.
458 2309 538 2349 Etenim
553 2322 616 2363 quum
629 2308 722 2350 homines
737 2314 796 2351 natu-

116 2382 186 2423 raliter
203 2385 299 2436 appetant
317 2382 405 2435 quietem
424 2387 443 2422 et
462 2382 608 2423 immunitatem
625 2382 650 2422 ab
666 2384 721 2424 omni
735 2383 796 2435 malo,

118 2456 203 2508 corrigit
216 2456 298 2496 nimiam
312 2455 367 2495 illam
382 2456 513 2507 celeritatem,
529 2469 581 2509 quae
596 2455 650 2497 solet
659 2457 751 2498 homines
761 2457 797 2497 ab·

117 2528 191 2580 ripere,
206 2529 242 2568 ubi
257 2530 307 2570 deus
322 2529 379 2581 ipsos
395 2530 499 2582 castigat.“
515 2553 541 2561 —
560 2529 587 2570 At
601 2543 651 2571 vero
667 2531 717 2571 deus
732 2530 797 2583 impe-

118 2601 206 2641 dimenta
224 2601 295 2643 salutis
313 2616 356 2643 uon
374 2603 441 2644 solum
460 2607 562 2654 removet,
584 2604 621 2645 sed
639 2604 734 2661 reliquias
750 2619 797 2646 suas

117 2675 161 2727 ipse
176 2674 256 2716 reducit
270 2679 331 2729 atque
342 2676 428 2718 salutem
437 2676 461 2717 iis
471 2677 561 2730 praebet.
584 2678 797 2721 Restitutionismem-

651 2754 664 2793 9
