1792 3089
345 161 490 196 Pnoauoonnsna.
718 171 761 201 xm,

81 266 133 307 tulit.
160 265 253 306 Alterum
267 264 345 305 idolum
360 269 391 305 est
405 264 487 305 llloleoh
501 264 534 305 vel
543 264 633 315 lllilcom‚
648 263 758 317 praecipue

81 339 106 379 ab
121 338 243 380 Ammonitis
259 337 347 388 cultum,
370 338 395 377 de
414 350 455 391 quo
471 338 565 378 conferas
583 336 690 377 Bacldenm
709 335 724 376 l.
739 348 757 375 c.

81 427 101 465 p.
112 412 163 463 608,
179 411 303 453 Maiateraan
316 424 336 462 p.
349 411 374 462 85
386 410 508 452 manseram
522 410 535 450 l.
549 424 573 460 c.⁷
594 410 700 450 Geroniani
713 408 727 448 l.
741 422 758 449 c.

82 485 143 535 XXI,
154 485 189 534 96,
210 483 315 525 talorum
326 485 351 534 ll,
366 497 386 535 p.
395 484 442 523 ala.
458 483 540 523 bloleclr
554 482 641 532 videtur,
657 481 713 534 qnod
726 480 760 521 vel

84 557 172 598 nominis
187 556 335 609 significatione
350 556 410 596 simili
420 556 527 606 indicatur,
543 556 597 595 idem
605 554 683 595 idolum
697 553 760 594 fnisse
824 557 826 559 ’

84 644 108 671 ac
122 631 181 681 Baal‚
198 633 259 683 atque
273 629 313 669 alio
329 632 407 669 tantum
420 629 445 669 ab
460 628 505 669 aliis
520 628 613 681 gentibus
628 626 712 667 nonriue
725 641 761 679 ap·
794 618 797 624 Δ

84 703 182 756 pellatam
202 715 253 743 esse.
287 701 384 742 Ceterum
402 701 545 754 paronomasia
563 702 612 741 satis
630 699 685 740 facili
701 703 762 753 atque

85 776 204 829 ponderosa
216 779 273 815 vates
282 779 373 832 vutuntur
387 774 469 814 nomine
485 775 527 814 eius
540 773 625 814 notione
641 772 764 826 appellativa
781 811 783 814 .

47 856 50 860 ’
87 862 133 889 cum
148 848 222 888 suffno
237 847 333 900 pluralis,
351 844 417 899 nabla,
436 852 459 888 ut
473 846 524 887 idoli
537 850 658 899 potestatem
673 846 707 886 oui
720 845 763 885 cul-

47 970 49 972 ,
86 926 143 961 tores
160 933 182 961 se
197 920 329 961 subiecerunt
342 920 441 968 indicent;
457 934 517 973 quem
531 934 591 960 usum
605 919 700 959 omnibus
711 917 764 958 locis

86 994 231 1035 vindicandum
250 1006 295 1035 esse
313 998 419 1046 putamus,
440 993 476 1033 ubi
494 993 582 1033 Maleam
599 992 684 1044 legitur,
706 991 765 1031 etiam

87 1067 129 1108 Jer.
144 1066 224 1123 XLIX,
240 1068 259 1107 1.
274 1068 294 1106 3.
323 1066 350 1107 Et
368 1068 441 1106 horum
459 1066 541 1119 quidem
559 1060 765 1115 idolorumsscultnm,

88 1132 149 1192 quem
162 1139 243 1179 Hiskias
262 1143 360 1193 quantum
376 1132 415 1191 per
432 1139 505 1192 populi
521 1139 641 1191 pravitatem
649 1123 713 1186 licuit
729 1137 766 1177 ab·

88 1215 202 1265 rogaverat,
217 1212 312 1253 Manasse
326 1224 369 1253 uon
383 1212 445 1252 modo
460 1212 629 1253 restituitverum
639 1211 699 1252 etiam
710 1212 767 1252 auxit

89 1289 150 1339 atque
168 1285 268 1338 populum
289 1289 312 1326 ut
329 1285 393 1338 ipsius
415 1285 530 1338 exemplum
550 1285 662 1325 imitaretur
680 1284 767 1325 induxit.

92 1358 156 1399 Cuius
175 1358 282 1410 impietatis
300 1362 324 1399 ut
336 1371 415 1411 poenas
433 1359 490 1398 daret
503 1358 634 1411 promeritas,
653 1359 719 1399 adeo
734 1358 769 1398 de-

91 1431 186 1482 relictus,
201 1431 226 1471 ab
241 1429 376 1484 Assyriorum
390 1431 455 1484 copiis
470 1435 550 1485 eaptus,
565 1431 702 1484 Babylonem,
718 1444 769 1485 quae

58 1513 61 1516 '
94 1519 119 1546 eo
137 1509 230 1558 tempore
248 1503 380 1556 Assyriorum
395 1505 482 1558 regibus
499 1504 593 1557 parebat,
614 1503 714 1545 abductus
733 1509 770 1546 est.

93 1578 123 1618 Ibi
137 1578 225 1619 vinculis
240 1577 414 1631 compedibusque
429 1577 559 1628 constrictus,
574 1577 600 1617 ad
611 1577 671 1617 deum
682 1581 771 1618 mentem

93 1652 148 1691 serio
163 1651 264 1691 convertit
278 1650 437 1704 atquepetitam
451 1651 573 1699 delictorum
585 1650 665 1691 veniam
672 1664 711 1704 qua
720 1651 770 1692 deus

95 1728 126 1765 est
139 1723 279 1765 misericordia
293 1723 352 1764 facile
366 1723 486 1776 impetravit.
510 1724 584 1764 Redux
598 1723 659 1777 igitur
665 1724 772 1777 pristinam
802 1773 804 1776 ι

94 1797 147 1837 vitae
162 1797 261 1838 rationem
276 1798 395 1850 emendavit,
411 1801 431 1838 et
445 1811 497 1851 quos
512 1797 538 1837 ad
551 1798 677 1849 peccandum
685 1798 771 1838 induxe-

94 1874 136 1921 rat,
156 1869 249 1923 exemplo
268 1883 306 1911 suo
321 1871 347 1910 ad
361 1865 455 1923 pietatem
469 1882 568 1910 revocare
581 1869 664 1910 studuit.
691 1870 722 1909 Ea
735 1883 772 1911 au-

95 1947 136 1982 tem
150 1946 181 1983 est
195 1943 299 1983 hominum
307 1942 371 1993 ratio,
387 1947 409 1983 ut
423 1942 502 1983 facilius
514 1949 575 1995 atque
585 1941 690 1983 ardentius
698 1955 772 1995 pecca-

95 2019 163 2054 lorum
177 2016 262 2068 vestigia
275 2019 426 2069 persequantur
439 2016 531 2067 ipsorum
545 2015 624 2055 libidini
635 2020 698 2067 grata,
713 2029 774 2069 quam

74 2087 175 2141 “pietatis
190 2088 305 2141 exemplum
320 2089 345 2128 ad
359 2088 478 2128 imitandum
493 2088 532 2129 sibi
540 2093 663 2141 proponant.
686 2089 710 2129 Id
719 2090 775 2143 quod

95 2160 185 2201 Judaeos
200 2173 225 2200 eo
240 2160 304 2213 magis
318 2160 389 2214 tetigit
405 2175 467 2215 quum
475 2161 585 2203 Manassen
597 2163 701 2214 exciperet
708 2160 776 2203 Amen

96 2233 162 2284 lilius,
184 2234 247 2286 patris
265 2233 310 2274 fatis
328 2238 389 2288 atque
409 2234 504 2288 exemplo
523 2249 562 2276 nec
580 2235 692 2288 sapientior
710 2235 776 2276 factus

97 2319 136 2347 uec
150 2306 233 2356 melion
253 2319 295 2361 quo
315 2308 367 2348 duce
385 2308 476 2361 populus
496 2310 552 2349 ouini
571 2309 651 2349 deditus
668 2308 777 2361 impietatis
802 2317 805 2320 ”

97 2379 168 2436 generi
180 2380 206 2420 ad
220 2380 324 2421 interitum
338 2381 379 2421 ruit
392 2380 530 2422 voluntarium
545 2386 605 2436 atque
619 2381 763 2422 inevitabilem.

142 2453 196 2493 Tum
209 2466 260 2494 vero
269 2453 353 2505 Jehova,
370 2455 498 2508 quantumvis
514 2455 597 2496 relictus
612 2468 625 2495 a
635 2454 723 2508 coniuge
730 2467 778 2507 pre-

97 2525 126 2565 tio
142 2525 191 2567 satis
206 2539 280 2581 magno
294 2527 396 2579 redemta,
412 2528 540 2582 quantumvis
556 2531 637 2581 spretus
651 2531 712 2582 atque
727 2539 777 2567 con-

90 2602 182 2653 temtus,
201 2604 268 2641 tamen
282 2600 370 2641 Nahumi
384 2602 447 2643 verba
461 2603 480 2653 l,
496 2603 509 2643 3
529 2601 679 2654 comprobavit,
694 2613 716 2640 se
731 2612 777 2639 esse

71 2667 74 2671 ‘
98 2670 208 2724 benignum
227 2679 288 2727 atque
302 2675 382 2716 tardum
397 2676 422 2716 ad
431 2676 492 2726 iram,
512 2675 589 2728 illoque
604 2673 711 2727 impietatis
726 2672 794 2712 duce'
