1792 3089
349 195 494 228 Puorneoamun.
742 210 764 237 xl

86 316 171 345 necesse
186 302 218 343 sit.
245 299 286 350 Qui
300 303 367 339 tamen
381 298 438 339 urbis
454 310 537 339 eversae
552 298 649 340 terminus
664 312 725 353 quam
740 300 766 339 sit

86 378 183 426 incertus,
198 373 250 414 infra
265 372 330 413 fusius
346 371 536 412 demonstrabimus.
547 393 575 399 ——
589 371 687 425 Sequitur
697 372 765 425 igitur,

86 454 110 492 ut
124 462 165 503 quo
180 445 316 500 regniJosiae
330 449 422 497 tempore
432 444 535 497 Zephania
543 444 663 485 vaticinatus
674 445 706 495 sit,
721 458 767 485 cer-

86 524 112 564 tis
133 518 258 574 argumentis
280 517 410 570 comprobari
429 522 522 571 nequeat
556 517 625 558 Possit
646 530 696 557 vero
714 506 767 558 liber
819 529 822 537 ‘

87 602 158 637 noster
177 591 319 633 vaticiniorum
337 591 427 631 omnium
445 605 457 630 a
472 591 575 642 Zephania
588 590 646 630 tosta
661 603 709 642 rege
724 591 767 630 edi-

87 674 157 711 torum
175 679 227 721 quae
245 664 327 718 potiora
348 669 409 717 atque
427 664 538 716 praecipua
558 667 606 704 suut
628 663 693 704 videri
711 677 768 704 com-

87 741 160 796 piecti‚
178 752 239 794 quem
254 738 298 779 aliis
314 749 397 791 quoquc
412 735 502 787 vatibus,
518 749 543 776 ex
558 736 632 790 quibus
647 736 715 777 solum
728 750 768 777 no-

87 816 143 856 mino
151 814 245 863 Micham,
258 824 337 851 morem
345 810 408 851 fuisse
418 810 544 850 conceditur.
567 810 607 850 Oui
615 810 708 862 opinioni
717 810 768 851 illud

88 889 152 938 favet,
168 886 226 940 quod
238 884 308 925 Josiae
324 883 476 923 emendationes
491 883 517 922 ad
530 882 631 935 populum
646 889 768 926 converten-

89 962 137 1001 dum
155 960 209 1000 haud
230 958 257 998 ita
278 957 364 997 multum
383 956 496 1009 profecisse
519 960 539 996 et
556 956 657 997 deremiae
674 959 769 1000 vaticinia

88 1033 178 1087 probant
192 1036 212 1072 ct
226 1031 326 1084 supplicia
338 1029 462 1070 divinamox
469 1029 659 1083 appropinquantia.
682 1032 709 1072 At
718 1045 768 1073 vero

88 1107 184 1148 arraldus
201 1109 257 1145 recte
275 1104 376 1157 significat
389 1102 481 1143 indolem
495 1103 637 1143 vaticiniorum
651 1104 769 1147 universam

90 1179 153 1231 magis
172 1177 282 1219 convenire
301 1176 389 1229 tempori
407 1175 575 1216 reformationem
589 1178 699 1218 secundam
714 1192 769 1220 eam-

90 1264 131 1306 que
145 1251 270 1292 severiorem
281 1249 417 1297 antecedenti3
434 1249 530 1302 quocirca
538 1249 660 1301 Zephauiam
670 1251 768 1294 interto-

90 1325 132 1366 siae
147 1336 212 1364 annos
228 1323 371 1363 duodecimum
386 1326 406 1362 et
420 1319 520 1361 decimum
535 1326 630 1363 octavum
638 1324 769 1366 vaticinatum

91 1411 137 1439 esse
153 1397 296 1437 existimamus.
320 1395 391 1446 (Jahn.
408 1392 482 1435 Coena.
497 1394 562 1435 Knob.
577 1396 633 1435 Hitn.
649 1397 735 1449 Meter.)

133 1470 186 1511 Huic
201 1477 268 1510 autem
288 1467 400 1509 sententiae
415 1467 544 1508 adversarius
560 1468 636 1524 exstitit
652 1471 770 1523 Taenarus,

91 1544 212 1585 Eichltornr'c'
225 1541 333 1594 opiniones
348 1540 483 1593 (Hebrtiische
496 1541 613 1593 Propheten
627 1556 647 1594 p.
658 1544 706 1585 305.
722 1545 770 1587 353.

92 1617 145 1666 540)
162 1629 205 1656 non
222 1615 284 1655 modo
300 1627 389 1668 sequens
403 1627 476 1654 verum
490 1614 550 1653 etiam
563 1612 695 1667 amplificans,
724 1619 772 1672 Ipse

94 1691 147 1731 enim
164 1689 213 1730 artis
232 1688 313 1728 criticae
330 1687 461 1737 recentioris,
481 1700 534 1741 quae
548 1689 671 1740 argumentis
686 1690 771 1733 internis

93 1764 138 1804 nisa
151 1762 201 1802 nihil
215 1762 313 1802 intactum
327 1769 388 1814 atque
402 1761 504 1814 integrum
512 1760 601 1814 reliquit,
616 1763 720 1814 specimen
729 1764 771 1805 edi-

94 1837 123 1877 dit
138 1835 247 1888 egregium.
269 1835 377 1874 Profectus
392 1829 417 1874 ab
432 1838 551 1886 argumento
566 1833 602 1874 ino
618 1848 680 1887 supra
687 1836 771 1889 reiecto,

93 1910 148 1950 filios
162 1908 217 1960 regis
232 1921 275 1948 non
289 1907 329 1948 nisi
342 1906 454 1959 posteriori
466 1907 536 1947 Josiae
551 1907 639 1959 tempori
654 1893 772 1962 convenire,

93 1982 189 2023 vaticinia
199 1983 224 2031 n,
238 1982 315 2020 4-15
331 1980 356 2020 ab
372 1979 415 2019 aliis
431 1983 530 2031 segregat.
559 1980 640 2020 Deinde
654 1995 706 2034 quae
720 1982 745 2034 ΙΙ,
759 1985 772 2025 8

94 2053 215 2095 Ammonitis
224 2057 285 2106 atque
295 2052 390 2093 Moabitis
403 2052 533 2104 obiiciuutur,
549 2053 641 2094 Obediae
652 2055 775 2109 descriptio-

64 2143 66 2145 *
94 2141 141 2168 nem
160 2129 243 2167 secutus
261 2130 319 2178 putat
337 2130 385 2178 post
399 2126 543 2178 Hierosolyma
561 2140 633 2168 eversa
651 2131 723 2169 contra
736 2130 774 2172 Ju-

95 2201 158 2241 daeos
173 2200 194 2239 in
209 2198 291 2238 exilium
305 2198 380 2239 missos
394 2203 511 2252 perpetrata
522 2213 574 2251 esse,
590 2214 653 2255 quare
667 2215 686 2242 v.
696 2204 775 2244 4—-12

95 2278 143 2328 post
156 2272 348 2324 Hierosolymorum
369 2273 498 2314 eversionem
517 2273 558 2313 sint
576 2273 631 2314 dicti.
659 2275 712 2315 Tum
725 2290 775 2330 pro-

95 2352 142 2400 pter
156 2349 240 2400 peccata
253 2346 332 2399 popuii,
348 2359 400 2400 quae
414 2350 463 2399 post
477 2347 665 2388 secundamdosiae
676 2349 775 2391 reforma-

96 2420 174 2461 tionicm
188 2420 273 2472 cogitari
280 2422 396 2473 nequeant,
409 2421 447 2471 ur,
461 2420 539 2460 1-20
554 2420 650 2473 opinatur
663 2423 777 2464 secundum

98 2495 116 2534 11
125 2493 201 2534 Chron.
210 2493 309 2543 XXXIV,
324 2493 357 2533 32.
368 2493 395 2532 33
411 2492 512 2533 Zedekiae
527 2493 588 2534 aetati
595 2494 716 2543 tribuendos
725 2509 777 2547 esse,

97 2567 154 2619 quod
167 2566 222 2606 idem
237 2565 306 2606 statuit
320 2565 345 2606 de
361 2568 379 2617 1,
395 2568 472 2617 2-11,
488 2568 501 2606 3
516 2570 602 2619 propter
615 2566 736 2608 allusionem
751 2570 777 2609 ad

97 2639 227 2690 Jojakiumm
243 2639 278 2692 qui
292 2638 369 2679 tributo
384 2639 433 2680 satis
447 2652 521 2692 magno
530 2652 596 2692 penso
612 2641 687 2691 nReg.
696 2641 776 2694 XXIII,

98 2711 195 2751 :si—35.
212 2713 219 2750 Ι
223 2713 230 2750 1
239 2711 315 2754 Chron,
324 2713 425 2763 XXXVI,
441 2712 504 2754 1-t
520 2713 645 2753 Pharaonem
657 2712 777 2756 Nechonenr
