<?xml version="1.0" encoding="UTF-8"?>
<!DOCTYPE html PUBLIC "-//W3C//DTD XHTML 1.0 Transitional//EN"
    "http://www.w3.org/TR/xhtml1/DTD/xhtml1-transitional.dtd">
<html xmlns="http://www.w3.org/1999/xhtml" xml:lang="en" lang="en">
 <head>
  <title>
</title>
<meta http-equiv="Content-Type" content="text/html;charset=utf-8" />
  <meta name='ocr-system' content='tesseract 3.04.00' />
  <meta name='ocr-capabilities' content='ocr_page ocr_carea ocr_par ocr_line ocrx_word'/>
</head>
<body>
  <div class='ocr_page' id='page_1' title='image "MN41908ucmf_1_0109.png"; bbox 0 0 1792 3089; ppageno 0'>
   <div class='ocr_carea' id='block_1_1' title="bbox 1 278 791 2760">
    <p class='ocr_par' dir='ltr' id='par_1_1' title="bbox 62 278 762 994">
     <span class='ocr_line' id='line_1_1' title="bbox 64 278 737 333; baseline -0.004 -10"><span class='ocrx_word' id='word_1_1' title='bbox 64 296 74 323; x_wconf 60' lang='lat'>¹.</span> <span class='ocrx_word' id='word_1_2' title='bbox 86 284 98 323; x_wconf 85' lang='grc'><strong>6</strong></span> <span class='ocrx_word' id='word_1_3' title='bbox 114 281 281 331; x_wconf 84' lang='lat' dir='ltr'>subaudiendum,</span> <span class='ocrx_word' id='word_1_4' title='bbox 297 281 492 333; x_wconf 79' lang='lat' dir='ltr'>sedpraedicatun13</span> <span class='ocrx_word' id='word_1_5' title='bbox 508 278 547 319; x_wconf 89' lang='lat' dir='ltr'>erit</span> <span class='ocrx_word' id='word_1_6' title='bbox 557 281 633 319; x_wconf 86' lang='lat' dir='ltr'>tractus</span> <span class='ocrx_word' id='word_1_7' title='bbox 644 278 737 333; x_wconf 86' lang='lat' dir='ltr'>reliqniis</span> 
     </span>
     <span class='ocr_line' id='line_1_2' title="bbox 65 353 738 409; baseline -0.004 -12"><span class='ocrx_word' id='word_1_8' title='bbox 65 356 148 398; x_wconf 90' lang='lat' dir='ltr'>uniculo</span> <span class='ocrx_word' id='word_1_9' title='bbox 164 354 316 409; x_wconf 87' lang='lat' dir='ltr'>quodammodo</span> <span class='ocrx_word' id='word_1_10' title='bbox 332 353 450 395; x_wconf 87' lang='lat' dir='ltr'>distributus</span> <span class='ocrx_word' id='word_1_11' title='bbox 460 355 552 406; x_wconf 87' lang='lat' dir='ltr'>ipsarum</span> <span class='ocrx_word' id='word_1_12' title='bbox 562 365 608 393; x_wconf 88' lang='lat' dir='ltr'>sors</span> <span class='ocrx_word' id='word_1_13' title='bbox 618 356 678 405; x_wconf 88' lang='lat' dir='ltr'>atque</span> <span class='ocrx_word' id='word_1_14' title='bbox 684 366 738 409; x_wconf 80' lang='lat' dir='ltr'>pos-</span> 
     </span>
     <span class='ocr_line' id='line_1_3' title="bbox 68 419 737 480; baseline -0.006 -9"><span class='ocrx_word' id='word_1_15' title='bbox 68 430 121 471; x_wconf 87' lang='lat' dir='ltr'>essio</span> <span class='ocrx_word' id='word_1_16' title='bbox 137 431 161 470; x_wconf 85' lang='lat' dir='ltr'>cf.</span> <span class='ocrx_word' id='word_1_17' title='bbox 177 429 221 468; x_wconf 79' lang='lat' dir='ltr'>dos.</span> <span class='ocrx_word' id='word_1_18' title='bbox 236 419 307 479; x_wconf 84' lang='lat' dir='ltr'>XVII,</span> <span class='ocrx_word' id='word_1_19' title='bbox 324 427 357 467; x_wconf 75' lang='lat'>14.</span> <span class='ocrx_word' id='word_1_20' title='bbox 371 428 430 479; x_wconf 84' lang='lat' dir='ltr'>XIX,</span> <span class='ocrx_word' id='word_1_21' title='bbox 446 430 466 468; x_wconf 85' lang='lat'>9.</span> <span class='ocrx_word' id='word_1_22' title='bbox 482 451 509 458; x_wconf 97' lang='lat'>-</span> <span class='ocrx_word' id='word_1_23' title='bbox 534 422 616 466; x_wconf 59' lang='lat' dir='ltr'>nannaj&#39;n</span> <span class='ocrx_word' id='word_1_24' title='bbox 630 425 737 480; x_wconf 76' lang='lat' dir='ltr'>Reliquiae</span> 
     </span>
     <span class='ocr_line' id='line_1_4' title="bbox 62 498 737 554; baseline -0.004 -10"><span class='ocrx_word' id='word_1_25' title='bbox 62 517 92 544; x_wconf 78' lang='lat' dir='ltr'>iae</span> <span class='ocrx_word' id='word_1_26' title='bbox 112 500 254 544; x_wconf 76' lang='lat' dir='ltr'>consolatione</span> <span class='ocrx_word' id='word_1_27' title='bbox 268 500 378 541; x_wconf 84' lang='lat' dir='ltr'>laetissima</span> <span class='ocrx_word' id='word_1_28' title='bbox 398 501 483 554; x_wconf 87' lang='lat' dir='ltr'>implent</span> <span class='ocrx_word' id='word_1_29' title='bbox 498 498 599 550; x_wconf 90' lang='lat' dir='ltr'>fidelium,</span> <span class='ocrx_word' id='word_1_30' title='bbox 619 503 737 541; x_wconf 87' lang='lat' dir='ltr'>mansueto-</span> 
     </span>
     <span class='ocr_line' id='line_1_5' title="bbox 68 571 737 628; baseline -0.006 -10"><span class='ocrx_word' id='word_1_31' title='bbox 68 591 111 628; x_wconf 89' lang='lat' dir='ltr'>um,</span> <span class='ocrx_word' id='word_1_32' title='bbox 127 573 261 622; x_wconf 71' lang='lat' dir='ltr'>dubitantium</span> <span class='ocrx_word' id='word_1_33' title='bbox 276 587 294 615; x_wconf 87' lang='lat' dir='ltr'>v.</span> <span class='ocrx_word' id='word_1_34' title='bbox 306 575 329 624; x_wconf 88' lang='grc'>3,</span> <span class='ocrx_word' id='word_1_35' title='bbox 345 574 433 625; x_wconf 87' lang='lat' dir='ltr'>animos,</span> <span class='ocrx_word' id='word_1_36' title='bbox 449 586 591 615; x_wconf 88' lang='lat' dir='ltr'>remansurum</span> <span class='ocrx_word' id='word_1_37' title='bbox 605 571 689 626; x_wconf 81' lang='lat' dir='ltr'>aliquod</span> <span class='ocrx_word' id='word_1_38' title='bbox 704 587 737 614; x_wconf 89' lang='lat' dir='ltr'>se-</span> 
     </span>
     <span class='ocr_line' id='line_1_6' title="bbox 63 646 737 700; baseline -0.004 -9"><span class='ocrx_word' id='word_1_39' title='bbox 63 663 108 700; x_wconf 89' lang='lat' dir='ltr'>nen,</span> <span class='ocrx_word' id='word_1_40' title='bbox 123 648 178 688; x_wconf 89' lang='lat' dir='ltr'>unde</span> <span class='ocrx_word' id='word_1_41' title='bbox 189 646 240 686; x_wconf 90' lang='lat' dir='ltr'>dens</span> <span class='ocrx_word' id='word_1_42' title='bbox 256 647 330 687; x_wconf 84' lang='lat' dir='ltr'>excitet</span> <span class='ocrx_word' id='word_1_43' title='bbox 344 659 418 688; x_wconf 88' lang='lat' dir='ltr'>novam</span> <span class='ocrx_word' id='word_1_44' title='bbox 428 647 541 697; x_wconf 88' lang='lat' dir='ltr'>ecclesiam,</span> <span class='ocrx_word' id='word_1_45' title='bbox 556 646 737 700; x_wconf 77' lang='lat' dir='ltr'>dehoram&#39;populi</span> 
     </span>
     <span class='ocr_line' id='line_1_7' title="bbox 67 719 762 773; baseline 0 -11"><span class='ocrx_word' id='word_1_46' title='bbox 67 723 88 762; x_wconf 91' lang='lat' dir='ltr'>ni</span> <span class='ocrx_word' id='word_1_47' title='bbox 105 734 147 761; x_wconf 89' lang='lat' dir='ltr'>non</span> <span class='ocrx_word' id='word_1_48' title='bbox 163 732 208 760; x_wconf 86' lang='lat' dir='ltr'>esse</span> <span class='ocrx_word' id='word_1_49' title='bbox 223 719 319 772; x_wconf 88' lang='lat' dir='ltr'>oblitum,</span> <span class='ocrx_word' id='word_1_50' title='bbox 339 720 376 760; x_wconf 92' lang='lat' dir='ltr'>sed</span> <span class='ocrx_word' id='word_1_51' title='bbox 390 724 460 772; x_wconf 88' lang='lat' dir='ltr'>parata</span> <span class='ocrx_word' id='word_1_52' title='bbox 471 720 515 772; x_wconf 79' lang='lat' dir='ltr'>jam</span> <span class='ocrx_word' id='word_1_53' title='bbox 530 720 584 759; x_wconf 88' lang='lat' dir='ltr'>dona</span> <span class='ocrx_word' id='word_1_54' title='bbox 598 719 674 772; x_wconf 81' lang='lat' dir='ltr'>gratiae</span> <span class='ocrx_word' id='word_1_55' title='bbox 688 725 738 773; x_wconf 84' lang='lat' dir='ltr'>post</span> <span class='ocrx_word' id='word_1_56' title='bbox 759 721 762 726; x_wconf 77' lang='grc'><strong>’</strong></span> 
     </span>
     <span class='ocr_line' id='line_1_8' title="bbox 69 792 737 852; baseline -0.003 -18"><span class='ocrx_word' id='word_1_57' title='bbox 69 807 117 835; x_wconf 78' lang='lat' dir='ltr'>rere</span> <span class='ocrx_word' id='word_1_58' title='bbox 139 792 379 846; x_wconf 24' lang='lat' dir='ltr'>angustiarum-tempus</span> <span class='ocrx_word' id='word_1_59' title='bbox 402 793 442 845; x_wconf 89' lang='lat' dir='ltr'>piis</span> <span class='ocrx_word' id='word_1_60' title='bbox 463 792 604 852; x_wconf 81' lang='lat' dir='ltr'>impertienda.</span> <span class='ocrx_word' id='word_1_61' title='bbox 626 816 653 823; x_wconf 89' lang='lat'>-</span> <span class='ocrx_word' id='word_1_62' title='bbox 683 802 737 842; x_wconf 62' lang='lat' dir='ltr'>prae</span> 
     </span>
     <span class='ocr_line' id='line_1_9' title="bbox 63 865 738 919; baseline -0.004 -12"><span class='ocrx_word' id='word_1_63' title='bbox 63 867 165 908; x_wconf 82' lang='lat' dir='ltr'>nflexione</span> <span class='ocrx_word' id='word_1_64' title='bbox 180 865 280 906; x_wconf 86' lang='lat' dir='ltr'>concinna</span> <span class='ocrx_word' id='word_1_65' title='bbox 294 870 351 907; x_wconf 86' lang='lat' dir='ltr'>vates</span> <span class='ocrx_word' id='word_1_66' title='bbox 366 880 378 906; x_wconf 88' lang='lat' dir='ltr'>a</span> <span class='ocrx_word' id='word_1_67' title='bbox 393 866 489 919; x_wconf 89' lang='lat' dir='ltr'>gregibus</span> <span class='ocrx_word' id='word_1_68' title='bbox 505 865 584 916; x_wconf 91' lang='lat' dir='ltr'>ovium,</span> <span class='ocrx_word' id='word_1_69' title='bbox 602 878 692 905; x_wconf 87' lang='lat' dir='ltr'>summae</span> <span class='ocrx_word' id='word_1_70' title='bbox 708 869 738 905; x_wconf 89' lang='lat' dir='ltr'>te-</span> 
     </span>
     <span class='ocr_line' id='line_1_10' title="bbox 135 938 738 994; baseline -0.005 -13"><span class='ocrx_word' id='word_1_71' title='bbox 135 939 240 990; x_wconf 78' lang='lat' dir='ltr'>vastitatis,</span> <span class='ocrx_word' id='word_1_72' title='bbox 255 940 281 979; x_wconf 87' lang='lat' dir='ltr'>ad</span> <span class='ocrx_word' id='word_1_73' title='bbox 296 953 341 980; x_wconf 89' lang='lat' dir='ltr'>eum</span> <span class='ocrx_word' id='word_1_74' title='bbox 356 940 428 980; x_wconf 87' lang='lat' dir='ltr'>transit</span> <span class='ocrx_word' id='word_1_75' title='bbox 437 952 526 992; x_wconf 79' lang='lat' dir='ltr'>gregorii,</span> <span class='ocrx_word' id='word_1_76' title='bbox 542 938 689 992; x_wconf 76' lang='lat' dir='ltr'>qnemdehova</span> <span class='ocrx_word' id='word_1_77' title='bbox 698 938 738 994; x_wconf 83' lang='lat' dir='ltr'>sibi</span> 
     </span>
    </p>

    <p class='ocr_par' dir='ltr' id='par_1_2' title="bbox 70 1012 737 1285">
     <span class='ocr_line' id='line_1_11' title="bbox 109 1012 737 1067; baseline -0.003 -14"><span class='ocrx_word' id='word_1_78' title='bbox 109 1017 145 1066; x_wconf 84' lang='lat' dir='ltr'>git,</span> <span class='ocrx_word' id='word_1_79' title='bbox 159 1012 266 1053; x_wconf 72' lang='lat' dir='ltr'>collectam</span> <span class='ocrx_word' id='word_1_80' title='bbox 274 1013 336 1063; x_wconf 85' lang='lat' dir='ltr'>fovet,</span> <span class='ocrx_word' id='word_1_81' title='bbox 352 1026 439 1067; x_wconf 85' lang='lat' dir='ltr'>eumque</span> <span class='ocrx_word' id='word_1_82' title='bbox 448 1012 514 1053; x_wconf 87' lang='lat' dir='ltr'>innuit</span> <span class='ocrx_word' id='word_1_83' title='bbox 521 1015 602 1063; x_wconf 82' lang='lat' dir='ltr'>statum,</span> <span class='ocrx_word' id='word_1_84' title='bbox 618 1025 679 1066; x_wconf 88' lang='lat' dir='ltr'>quem</span> <span class='ocrx_word' id='word_1_85' title='bbox 686 1025 737 1065; x_wconf 86' lang='lat' dir='ltr'>pro-</span> 
     </span>
     <span class='ocr_line' id='line_1_12' title="bbox 70 1085 736 1139; baseline -0.002 -13"><span class='ocrx_word' id='word_1_86' title='bbox 70 1087 128 1127; x_wconf 83' lang='lat' dir='ltr'>hetae</span> <span class='ocrx_word' id='word_1_87' title='bbox 146 1089 207 1139; x_wconf 85' lang='lat' dir='ltr'>atqne</span> <span class='ocrx_word' id='word_1_88' title='bbox 221 1085 294 1138; x_wconf 84' lang='lat' dir='ltr'>psalmi</span> <span class='ocrx_word' id='word_1_89' title='bbox 310 1087 443 1128; x_wconf 84' lang='lat' dir='ltr'>laetissimum</span> <span class='ocrx_word' id='word_1_90' title='bbox 458 1086 580 1138; x_wconf 83' lang='lat' dir='ltr'>depingunt,</span> <span class='ocrx_word' id='word_1_91' title='bbox 601 1098 648 1125; x_wconf 90' lang='lat' dir='ltr'>cnm</span> <span class='ocrx_word' id='word_1_92' title='bbox 662 1098 736 1138; x_wconf 83' lang='lat' dir='ltr'>magno</span> 
     </span>
     <span class='ocr_line' id='line_1_13' title="bbox 70 1154 736 1213; baseline -0.002 -13"><span class='ocrx_word' id='word_1_93' title='bbox 70 1159 156 1200; x_wconf 81' lang='lat' dir='ltr'>esiderio</span> <span class='ocrx_word' id='word_1_94' title='bbox 172 1154 317 1211; x_wconf 84' lang='lat' dir='ltr'>exspectatum,</span> <span class='ocrx_word' id='word_1_95' title='bbox 331 1160 367 1201; x_wconf 91' lang='lat' dir='ltr'>ubi</span> <span class='ocrx_word' id='word_1_96' title='bbox 382 1160 433 1201; x_wconf 87' lang='lat' dir='ltr'>dens</span> <span class='ocrx_word' id='word_1_97' title='bbox 443 1163 514 1213; x_wconf 85' lang='lat' dir='ltr'>pascet</span> <span class='ocrx_word' id='word_1_98' title='bbox 520 1158 622 1212; x_wconf 88' lang='lat' dir='ltr'>populum</span> <span class='ocrx_word' id='word_1_99' title='bbox 631 1171 697 1199; x_wconf 78' lang='lat' dir='ltr'>suuni.</span> <span class='ocrx_word' id='word_1_100' title='bbox 707 1181 736 1188; x_wconf 89' lang='lat'>—-</span> 
     </span>
     <span class='ocr_line' id='line_1_14' title="bbox 135 1232 736 1285; baseline 0.002 -14"><span class='ocrx_word' id='word_1_101' title='bbox 135 1232 156 1272; x_wconf 91' lang='lat' dir='ltr'>in</span> <span class='ocrx_word' id='word_1_102' title='bbox 170 1233 252 1284; x_wconf 80' lang='lat' dir='ltr'>pascuis</span> <span class='ocrx_word' id='word_1_103' title='bbox 263 1233 313 1282; x_wconf 85' lang='lat' dir='ltr'>illis;</span> <span class='ocrx_word' id='word_1_104' title='bbox 329 1233 382 1285; x_wconf 87' lang='lat' dir='ltr'>plur.</span> <span class='ocrx_word' id='word_1_105' title='bbox 393 1232 512 1274; x_wconf 82' lang='lat' dir='ltr'>neutraliter</span> <span class='ocrx_word' id='word_1_106' title='bbox 522 1232 653 1284; x_wconf 84' lang='lat' dir='ltr'>accipiendus</span> <span class='ocrx_word' id='word_1_107' title='bbox 668 1233 736 1283; x_wconf 67' lang='lat' dir='ltr'>(Hira.</span> 
     </span>
    </p>

    <p class='ocr_par' dir='ltr' id='par_1_3' title="bbox 123 1302 736 1359">
     <span class='ocr_line' id='line_1_15' title="bbox 123 1302 736 1359; baseline 0 -15"><span class='ocrx_word' id='word_1_108' title='bbox 123 1305 149 1356; x_wconf 81' lang='lat'>),</span> <span class='ocrx_word' id='word_1_109' title='bbox 170 1304 256 1345; x_wconf 88' lang='lat' dir='ltr'>sortasse</span> <span class='ocrx_word' id='word_1_110' title='bbox 276 1306 336 1346; x_wconf 90' lang='lat' dir='ltr'>etiam</span> <span class='ocrx_word' id='word_1_111' title='bbox 354 1310 440 1359; x_wconf 86' lang='lat' dir='ltr'>propter</span> <span class='ocrx_word' id='word_1_112' title='bbox 454 1302 495 1348; x_wconf 65' lang='lat' dir='ltr'>tna</span> <span class='ocrx_word' id='word_1_113' title='bbox 510 1305 562 1345; x_wconf 85' lang='lat' dir='ltr'>vatis</span> <span class='ocrx_word' id='word_1_114' title='bbox 577 1305 645 1345; x_wconf 86' lang='lat' dir='ltr'>animo</span> <span class='ocrx_word' id='word_1_115' title='bbox 661 1304 736 1346; x_wconf 86' lang='lat' dir='ltr'>obver-</span> 
     </span>
    </p>

    <p class='ocr_par' dir='ltr' id='par_1_4' title="bbox 1 1377 791 2760">
     <span class='ocr_line' id='line_1_16' title="bbox 66 1377 737 1432; baseline 0.001 -15"><span class='ocrx_word' id='word_1_116' title='bbox 66 1391 108 1418; x_wconf 86' lang='lat' dir='ltr'>ans.</span> <span class='ocrx_word' id='word_1_117' title='bbox 135 1378 230 1418; x_wconf 67' lang='lat' dir='ltr'>natalitia</span> <span class='ocrx_word' id='word_1_118' title='bbox 245 1392 282 1419; x_wconf 86' lang='lat' dir='ltr'>eur</span> <span class='ocrx_word' id='word_1_119' title='bbox 297 1383 317 1419; x_wconf 92' lang='lat' dir='ltr'>et</span> <span class='ocrx_word' id='word_1_120' title='bbox 331 1379 436 1432; x_wconf 90' lang='lat' dir='ltr'>quomodo</span> <span class='ocrx_word' id='word_1_121' title='bbox 451 1387 492 1427; x_wconf 62' lang='lat' dir='ltr'>up:</span> <span class='ocrx_word' id='word_1_122' title='bbox 506 1377 669 1418; x_wconf 89' lang='lat' dir='ltr'>subandiendum</span> <span class='ocrx_word' id='word_1_123' title='bbox 678 1382 737 1431; x_wconf 88' lang='lat' dir='ltr'>putet</span> 
     </span>
     <span class='ocr_line' id='line_1_17' title="bbox 69 1446 784 1505; baseline 0.003 -15"><span class='ocrx_word' id='word_1_124' title='bbox 69 1451 89 1490; x_wconf 81' lang='lat' dir='ltr'>ix</span> <span class='ocrx_word' id='word_1_125' title='bbox 107 1449 236 1504; x_wconf 78' lang='lat' dir='ltr'>intelligitur,</span> <span class='ocrx_word' id='word_1_126' title='bbox 256 1464 306 1492; x_wconf 85' lang='lat' dir='ltr'>oves</span> <span class='ocrx_word' id='word_1_127' title='bbox 326 1451 379 1490; x_wconf 82' lang='lat' dir='ltr'>enim</span> <span class='ocrx_word' id='word_1_128' title='bbox 397 1464 440 1492; x_wconf 92' lang='lat' dir='ltr'>non</span> <span class='ocrx_word' id='word_1_129' title='bbox 458 1451 520 1491; x_wconf 92' lang='lat' dir='ltr'>modo</span> <span class='ocrx_word' id='word_1_130' title='bbox 539 1465 599 1492; x_wconf 87' lang='lat' dir='ltr'>mane</span> <span class='ocrx_word' id='word_1_131' title='bbox 616 1455 735 1505; x_wconf 87' lang='lat' dir='ltr'>pascuntur,</span> <span class='ocrx_word' id='word_1_132' title='bbox 782 1446 784 1448; x_wconf 52' lang='grc'>’</span> 
     </span>
     <span class='ocr_line' id='line_1_18' title="bbox 55 1523 736 1578; baseline 0.001 -14"><span class='ocrx_word' id='word_1_133' title='bbox 55 1523 91 1564; x_wconf 85' lang='lat' dir='ltr'>sed</span> <span class='ocrx_word' id='word_1_134' title='bbox 106 1527 171 1564; x_wconf 90' lang='lat' dir='ltr'>totum</span> <span class='ocrx_word' id='word_1_135' title='bbox 185 1523 248 1575; x_wconf 89' lang='lat' dir='ltr'>diem,</span> <span class='ocrx_word' id='word_1_136' title='bbox 268 1529 288 1565; x_wconf 87' lang='lat' dir='ltr'>et</span> <span class='ocrx_word' id='word_1_137' title='bbox 302 1524 406 1577; x_wconf 89' lang='lat' dir='ltr'>oppositio</span> <span class='ocrx_word' id='word_1_138' title='bbox 421 1538 465 1566; x_wconf 91' lang='lat' dir='ltr'>non</span> <span class='ocrx_word' id='word_1_139' title='bbox 483 1528 514 1564; x_wconf 88' lang='lat' dir='ltr'>est</span> <span class='ocrx_word' id='word_1_140' title='bbox 528 1526 627 1578; x_wconf 86' lang='lat' dir='ltr'>temporis</span> <span class='ocrx_word' id='word_1_141' title='bbox 642 1525 736 1566; x_wconf 87' lang='lat' dir='ltr'>matutini</span> 
     </span>
     <span class='ocr_line' id='line_1_19' title="bbox 1 1597 734 1651; baseline 0.007 -17"><span class='ocrx_word' id='word_1_142' title='bbox 1 1631 2 1634; x_wconf 73' lang='grc'>,</span> <span class='ocrx_word' id='word_1_143' title='bbox 55 1600 114 1650; x_wconf 88' lang='lat' dir='ltr'>atque</span> <span class='ocrx_word' id='word_1_144' title='bbox 129 1597 246 1649; x_wconf 86' lang='lat' dir='ltr'>vespertini,</span> <span class='ocrx_word' id='word_1_145' title='bbox 262 1612 314 1651; x_wconf 88' lang='lat' dir='ltr'>quae</span> <span class='ocrx_word' id='word_1_146' title='bbox 328 1598 378 1638; x_wconf 90' lang='lat' dir='ltr'>nihil</span> <span class='ocrx_word' id='word_1_147' title='bbox 392 1600 418 1639; x_wconf 88' lang='lat' dir='ltr'>ad</span> <span class='ocrx_word' id='word_1_148' title='bbox 433 1611 476 1639; x_wconf 88' lang='lat' dir='ltr'>rem</span> <span class='ocrx_word' id='word_1_149' title='bbox 491 1598 573 1650; x_wconf 81' lang='lat' dir='ltr'>faceret,</span> <span class='ocrx_word' id='word_1_150' title='bbox 588 1600 626 1640; x_wconf 88' lang='lat' dir='ltr'>sed</span> <span class='ocrx_word' id='word_1_151' title='bbox 641 1599 681 1639; x_wconf 87' lang='lat' dir='ltr'>diei</span> <span class='ocrx_word' id='word_1_152' title='bbox 695 1613 734 1639; x_wconf 88' lang='lat' dir='ltr'>no-</span> 
     </span>
     <span class='ocr_line' id='line_1_20' title="bbox 2 1669 735 1726; baseline 0.005 -17"><span class='ocrx_word' id='word_1_153' title='bbox 2 1669 6 1707; x_wconf 74' lang='grc' dir='ltr'><strong>ἰ</strong></span> <span class='ocrx_word' id='word_1_154' title='bbox 55 1670 140 1723; x_wconf 81' lang='lat' dir='ltr'>etisque.</span> <span class='ocrx_word' id='word_1_155' title='bbox 168 1670 281 1711; x_wconf 86' lang='lat' dir='ltr'>Pascentnr</span> <span class='ocrx_word' id='word_1_156' title='bbox 295 1671 357 1724; x_wconf 82' lang='lat' dir='ltr'>igitur</span> <span class='ocrx_word' id='word_1_157' title='bbox 371 1671 479 1726; x_wconf 85' lang='lat' dir='ltr'>reliquiae,</span> <span class='ocrx_word' id='word_1_158' title='bbox 496 1675 516 1711; x_wconf 88' lang='lat' dir='ltr'>et</span> <span class='ocrx_word' id='word_1_159' title='bbox 530 1681 595 1723; x_wconf 61' lang='lat' dir='ltr'>aaran,</span> <span class='ocrx_word' id='word_1_160' title='bbox 612 1673 694 1725; x_wconf 87' lang='lat' dir='ltr'>quando</span> <span class='ocrx_word' id='word_1_161' title='bbox 705 1676 735 1713; x_wconf 89' lang='lat' dir='ltr'>te-</span> 
     </span>
     <span class='ocr_line' id='line_1_21' title="bbox 55 1742 735 1804; baseline 0.005 -21.711"><span class='ocrx_word' id='word_1_162' title='bbox 55 1742 130 1783; x_wconf 85' lang='lat' dir='ltr'>nebrae</span> <span class='ocrx_word' id='word_1_163' title='bbox 146 1746 166 1783; x_wconf 88' lang='lat' dir='ltr'>et</span> <span class='ocrx_word' id='word_1_164' title='bbox 179 1746 247 1784; x_wconf 87' lang='lat' dir='ltr'>terror</span> <span class='ocrx_word' id='word_1_165' title='bbox 257 1744 331 1804; x_wconf 89' lang='lat' dir='ltr'>jubent</span> <span class='ocrx_word' id='word_1_166' title='bbox 345 1758 367 1784; x_wconf 85' lang='lat' dir='ltr'>se</span> <span class='ocrx_word' id='word_1_167' title='bbox 382 1745 486 1797; x_wconf 83' lang='lat' dir='ltr'>recipere,</span> <span class='ocrx_word' id='word_1_168' title='bbox 506 1759 556 1786; x_wconf 87' lang='lat' dir='ltr'>oves</span> <span class='ocrx_word' id='word_1_169' title='bbox 572 1746 605 1786; x_wconf 86' lang='lat' dir='ltr'>dei</span> <span class='ocrx_word' id='word_1_170' title='bbox 619 1745 689 1786; x_wconf 87' lang='lat' dir='ltr'>caulas</span> <span class='ocrx_word' id='word_1_171' title='bbox 704 1746 735 1786; x_wconf 92' lang='lat' dir='ltr'>in-</span> 
     </span>
     <span class='ocr_line' id='line_1_22' title="bbox 55 1809 791 1871; baseline 0.005 -14.727"><span class='ocrx_word' id='word_1_172' title='bbox 55 1820 108 1857; x_wconf 88' lang='lat' dir='ltr'>trant</span> <span class='ocrx_word' id='word_1_173' title='bbox 123 1817 195 1857; x_wconf 90' lang='lat' dir='ltr'>domos</span> <span class='ocrx_word' id='word_1_174' title='bbox 204 1815 321 1870; x_wconf 85' lang='lat' dir='ltr'>Askalonis,</span> <span class='ocrx_word' id='word_1_175' title='bbox 337 1831 388 1871; x_wconf 87' lang='lat' dir='ltr'>qnae</span> <span class='ocrx_word' id='word_1_176' title='bbox 403 1818 490 1860; x_wconf 90' lang='lat' dir='ltr'>aliorum</span> <span class='ocrx_word' id='word_1_177' title='bbox 505 1819 587 1860; x_wconf 88' lang='lat' dir='ltr'>urbium</span> <span class='ocrx_word' id='word_1_178' title='bbox 602 1818 663 1860; x_wconf 90' lang='lat' dir='ltr'>simili</span> <span class='ocrx_word' id='word_1_179' title='bbox 678 1819 736 1860; x_wconf 89' lang='lat' dir='ltr'>clade</span> <span class='ocrx_word' id='word_1_180' title='bbox 789 1809 791 1813; x_wconf 45' lang='grc'>’</span> 
     </span>
     <span class='ocr_line' id='line_1_23' title="bbox 54 1889 735 1946; baseline 0.004 -15.783"><span class='ocrx_word' id='word_1_181' title='bbox 54 1891 170 1931; x_wconf 73' lang='lat' dir='ltr'>affectarunt</span> <span class='ocrx_word' id='word_1_182' title='bbox 185 1889 271 1932; x_wconf 84' lang='lat' dir='ltr'>similem</span> <span class='ocrx_word' id='word_1_183' title='bbox 285 1891 413 1944; x_wconf 76' lang='lat' dir='ltr'>amplectitur</span> <span class='ocrx_word' id='word_1_184' title='bbox 428 1896 510 1933; x_wconf 85' lang='lat' dir='ltr'>sortem.</span> <span class='ocrx_word' id='word_1_185' title='bbox 526 1915 553 1924; x_wconf 95' lang='lat'><em>-</em></span> <span class='ocrx_word' id='word_1_186' title='bbox 573 1893 615 1934; x_wconf 86' lang='lat' dir='ltr'>Sed</span> <span class='ocrx_word' id='word_1_187' title='bbox 630 1894 735 1946; x_wconf 88' lang='lat' dir='ltr'>quomodo</span> 
     </span>
     <span class='ocr_line' id='line_1_24' title="bbox 54 1964 736 2020; baseline 0.001 -15"><span class='ocrx_word' id='word_1_188' title='bbox 54 1968 123 2017; x_wconf 89' lang='lat' dir='ltr'>potest</span> <span class='ocrx_word' id='word_1_189' title='bbox 135 1965 231 2017; x_wconf 87' lang='lat' dir='ltr'>populns,</span> <span class='ocrx_word' id='word_1_190' title='bbox 247 1965 293 2018; x_wconf 86' lang='lat' dir='ltr'>igne</span> <span class='ocrx_word' id='word_1_191' title='bbox 309 1964 348 2006; x_wconf 84' lang='lat' dir='ltr'>zeli</span> <span class='ocrx_word' id='word_1_192' title='bbox 364 1965 426 2005; x_wconf 89' lang='lat' dir='ltr'>divini</span> <span class='ocrx_word' id='word_1_193' title='bbox 441 1967 600 2018; x_wconf 87' lang='lat' dir='ltr'>consumendus,</span> <span class='ocrx_word' id='word_1_194' title='bbox 616 1979 689 2007; x_wconf 84' lang='lat' dir='ltr'>secure</span> <span class='ocrx_word' id='word_1_195' title='bbox 699 1981 736 2020; x_wconf 85' lang='lat' dir='ltr'>pa-</span> 
     </span>
     <span class='ocr_line' id='line_1_25' title="bbox 54 2037 736 2087; baseline 0.007 -9"><span class='ocrx_word' id='word_1_196' title='bbox 54 2038 109 2078; x_wconf 91' lang='lat' dir='ltr'>scuis</span> <span class='ocrx_word' id='word_1_197' title='bbox 127 2037 175 2087; x_wconf 81' lang='lat' dir='ltr'>frui,</span> <span class='ocrx_word' id='word_1_198' title='bbox 194 2039 248 2078; x_wconf 88' lang='lat' dir='ltr'>unde</span> <span class='ocrx_word' id='word_1_199' title='bbox 267 2039 333 2080; x_wconf 88' lang='lat' dir='ltr'>subita</span> <span class='ocrx_word' id='word_1_200' title='bbox 350 2040 400 2079; x_wconf 87' lang='lat' dir='ltr'>haee</span> <span class='ocrx_word' id='word_1_201' title='bbox 418 2040 542 2082; x_wconf 83' lang='lat' dir='ltr'>conversio?</span> <span class='ocrx_word' id='word_1_202' title='bbox 571 2052 593 2082; x_wconf 60' lang='lat' dir='ltr'>*a</span> <span class='ocrx_word' id='word_1_203' title='bbox 608 2041 666 2082; x_wconf 87' lang='lat' dir='ltr'>Deus</span> <span class='ocrx_word' id='word_1_204' title='bbox 681 2041 736 2083; x_wconf 88' lang='lat' dir='ltr'>enim</span> 
     </span>
     <span class='ocr_line' id='line_1_26' title="bbox 45 2110 736 2168; baseline 0.007 -16"><span class='ocrx_word' id='word_1_205' title='bbox 45 2115 102 2165; x_wconf 66' lang='lat' dir='ltr'>⁴post</span> <span class='ocrx_word' id='word_1_206' title='bbox 116 2110 251 2152; x_wconf 85' lang='lat' dir='ltr'>visitationem</span> <span class='ocrx_word' id='word_1_207' title='bbox 265 2112 307 2153; x_wconf 86' lang='lat' dir='ltr'>irae</span> <span class='ocrx_word' id='word_1_208' title='bbox 318 2113 362 2164; x_wconf 89' lang='lat' dir='ltr'>jam</span> <span class='ocrx_word' id='word_1_209' title='bbox 375 2112 443 2154; x_wconf 87' lang='lat' dir='ltr'>visitat</span> <span class='ocrx_word' id='word_1_210' title='bbox 455 2114 556 2168; x_wconf 86' lang='lat' dir='ltr'>populum</span> <span class='ocrx_word' id='word_1_211' title='bbox 566 2115 631 2167; x_wconf 88' lang='lat' dir='ltr'>gratia</span> <span class='ocrx_word' id='word_1_212' title='bbox 639 2128 683 2168; x_wconf 87' lang='lat' dir='ltr'>sna,</span> <span class='ocrx_word' id='word_1_213' title='bbox 700 2129 736 2157; x_wconf 91' lang='lat' dir='ltr'>co-</span> 
     </span>
     <span class='ocr_line' id='line_1_27' title="bbox 54 2184 736 2239; baseline 0.007 -14"><span class='ocrx_word' id='word_1_214' title='bbox 54 2185 125 2238; x_wconf 86' lang='lat' dir='ltr'>gnovit</span> <span class='ocrx_word' id='word_1_215' title='bbox 138 2184 235 2238; x_wconf 85' lang='lat' dir='ltr'>reliquias</span> <span class='ocrx_word' id='word_1_216' title='bbox 250 2199 298 2226; x_wconf 88' lang='lat' dir='ltr'>suas</span> <span class='ocrx_word' id='word_1_217' title='bbox 313 2186 384 2227; x_wconf 86' lang='lat' dir='ltr'>fideles</span> <span class='ocrx_word' id='word_1_218' title='bbox 400 2191 420 2228; x_wconf 90' lang='lat' dir='ltr'>et</span> <span class='ocrx_word' id='word_1_219' title='bbox 428 2188 528 2228; x_wconf 84' lang='lat' dir='ltr'>Jehovam</span> <span class='ocrx_word' id='word_1_220' title='bbox 543 2202 565 2229; x_wconf 87' lang='lat' dir='ltr'>se</span> <span class='ocrx_word' id='word_1_221' title='bbox 581 2202 633 2239; x_wconf 86' lang='lat' dir='ltr'>esse,</span> <span class='ocrx_word' id='word_1_222' title='bbox 649 2190 689 2229; x_wconf 90' lang='lat' dir='ltr'>hoc</span> <span class='ocrx_word' id='word_1_223' title='bbox 705 2193 736 2230; x_wconf 85' lang='lat' dir='ltr'>est</span> 
     </span>
     <span class='ocr_line' id='line_1_28' title="bbox 19 2259 736 2328; baseline 0.006 -28"><span class='ocrx_word' id='word_1_224' title='bbox 19 2266 21 2269; x_wconf 84' lang='grc'><strong>’</strong></span> <span class='ocrx_word' id='word_1_225' title='bbox 43 2261 147 2328; x_wconf 34' lang='lat' dir='ltr'>[ipsorum</span> <span class='ocrx_word' id='word_1_226' title='bbox 162 2259 231 2310; x_wconf 90' lang='lat' dir='ltr'>deum,</span> <span class='ocrx_word' id='word_1_227' title='bbox 246 2260 300 2300; x_wconf 90' lang='lat' dir='ltr'>haud</span> <span class='ocrx_word' id='word_1_228' title='bbox 314 2260 430 2313; x_wconf 86' lang='lat' dir='ltr'>immemor,</span> <span class='ocrx_word' id='word_1_229' title='bbox 445 2261 499 2303; x_wconf 89' lang='lat' dir='ltr'>redit</span> <span class='ocrx_word' id='word_1_230' title='bbox 513 2262 539 2302; x_wconf 88' lang='lat' dir='ltr'>ad</span> <span class='ocrx_word' id='word_1_231' title='bbox 550 2262 685 2316; x_wconf 84' lang='lat' dir='ltr'>captivitatem</span> <span class='ocrx_word' id='word_1_232' title='bbox 697 2276 736 2316; x_wconf 91' lang='lat' dir='ltr'>po-</span> 
     </span>
     <span class='ocr_line' id='line_1_29' title="bbox 40 2330 736 2387; baseline 0.007 -14"><span class='ocrx_word' id='word_1_233' title='bbox 40 2330 99 2386; x_wconf 85' lang='lat' dir='ltr'>puli</span> <span class='ocrx_word' id='word_1_234' title='bbox 113 2333 154 2385; x_wconf 90' lang='lat' dir='ltr'>sni,</span> <span class='ocrx_word' id='word_1_235' title='bbox 174 2332 209 2387; x_wconf 88' lang='lat' dir='ltr'>qui</span> <span class='ocrx_word' id='word_1_236' title='bbox 224 2334 321 2386; x_wconf 87' lang='lat' dir='ltr'>angustiis</span> <span class='ocrx_word' id='word_1_237' title='bbox 337 2339 452 2377; x_wconf 86' lang='lat' dir='ltr'>commotus</span> <span class='ocrx_word' id='word_1_238' title='bbox 468 2336 538 2377; x_wconf 85' lang='lat' dir='ltr'>didicit</span> <span class='ocrx_word' id='word_1_239' title='bbox 552 2337 578 2378; x_wconf 89' lang='lat' dir='ltr'>ad</span> <span class='ocrx_word' id='word_1_240' title='bbox 593 2339 661 2378; x_wconf 88' lang='lat' dir='ltr'>Deum</span> <span class='ocrx_word' id='word_1_241' title='bbox 676 2350 736 2379; x_wconf 88' lang='lat' dir='ltr'>snum</span> 
     </span>
     <span class='ocr_line' id='line_1_30' title="bbox 55 2399 737 2462; baseline 0.009 -16"><span class='ocrx_word' id='word_1_242' title='bbox 55 2407 182 2448; x_wconf 87' lang='lat' dir='ltr'>redeundum</span> <span class='ocrx_word' id='word_1_243' title='bbox 197 2420 248 2449; x_wconf 85' lang='lat' dir='ltr'>esse.</span> <span class='ocrx_word' id='word_1_244' title='bbox 262 2399 290 2437; x_wconf 51' lang='lat'>&#39;—</span> <span class='ocrx_word' id='word_1_245' title='bbox 303 2408 372 2449; x_wconf 89' lang='lat' dir='ltr'>Verba</span> <span class='ocrx_word' id='word_1_246' title='bbox 386 2408 458 2453; x_wconf 64' lang='lat' dir='ltr'>anino</span> <span class='ocrx_word' id='word_1_247' title='bbox 467 2408 501 2449; x_wconf 75' lang='lat' dir='ltr'>:ni</span> <span class='ocrx_word' id='word_1_248' title='bbox 517 2410 570 2452; x_wconf 87' lang='lat' dir='ltr'>sicut</span> <span class='ocrx_word' id='word_1_249' title='bbox 578 2411 651 2453; x_wconf 87' lang='lat' dir='ltr'>similia</span> <span class='ocrx_word' id='word_1_250' title='bbox 663 2412 737 2462; x_wconf 87' lang='lat' dir='ltr'>onmia,</span> 
     </span>
     <span class='ocr_line' id='line_1_31' title="bbox 55 2479 737 2540; baseline 0.006 -19"><span class='ocrx_word' id='word_1_251' title='bbox 55 2479 149 2521; x_wconf 86' lang='lat' dir='ltr'>nituntur</span> <span class='ocrx_word' id='word_1_252' title='bbox 157 2481 302 2523; x_wconf 87' lang='lat' dir='ltr'>fundamentali</span> <span class='ocrx_word' id='word_1_253' title='bbox 311 2482 348 2524; x_wconf 88' lang='lat' dir='ltr'>illo</span> <span class='ocrx_word' id='word_1_254' title='bbox 357 2482 405 2523; x_wconf 88' lang='lat' dir='ltr'>loco</span> <span class='ocrx_word' id='word_1_255' title='bbox 413 2484 474 2524; x_wconf 88' lang='lat' dir='ltr'>Dent.</span> <span class='ocrx_word' id='word_1_256' title='bbox 483 2484 555 2536; x_wconf 87' lang='lat' dir='ltr'>XXX,</span> <span class='ocrx_word' id='word_1_257' title='bbox 564 2487 584 2538; x_wconf 85' lang='lat'>3,</span> <span class='ocrx_word' id='word_1_258' title='bbox 599 2485 737 2540; x_wconf 88' lang='lat' dir='ltr'>promittente,</span> 
     </span>
     <span class='ocr_line' id='line_1_32' title="bbox 57 2551 738 2610; baseline 0.004 -16"><span class='ocrx_word' id='word_1_259' title='bbox 57 2554 75 2594; x_wconf 87' lang='lat' dir='ltr'>si</span> <span class='ocrx_word' id='word_1_260' title='bbox 81 2551 178 2607; x_wconf 51' lang='lat' dir='ltr'>‘populns</span> <span class='ocrx_word' id='word_1_261' title='bbox 192 2557 277 2598; x_wconf 87' lang='lat' dir='ltr'>summis</span> <span class='ocrx_word' id='word_1_262' title='bbox 292 2557 438 2598; x_wconf 82' lang='lat' dir='ltr'>calamitatibus</span> <span class='ocrx_word' id='word_1_263' title='bbox 452 2556 544 2610; x_wconf 85' lang='lat' dir='ltr'>affectus,</span> <span class='ocrx_word' id='word_1_264' title='bbox 559 2558 675 2604; x_wconf 80' lang='lat' dir='ltr'>inexilium</span> <span class='ocrx_word' id='word_1_265' title='bbox 689 2558 738 2598; x_wconf 84' lang='lat' dir='ltr'>mis-</span> 
     </span>
     <span class='ocr_line' id='line_1_33' title="bbox 58 2628 737 2687; baseline 0.003 -18"><span class='ocrx_word' id='word_1_266' title='bbox 58 2641 102 2679; x_wconf 80' lang='lat' dir='ltr'>sus,</span> <span class='ocrx_word' id='word_1_267' title='bbox 123 2628 220 2670; x_wconf 89' lang='lat' dir='ltr'>rediverit</span> <span class='ocrx_word' id='word_1_268' title='bbox 234 2632 260 2671; x_wconf 86' lang='lat' dir='ltr'>ad</span> <span class='ocrx_word' id='word_1_269' title='bbox 274 2632 335 2673; x_wconf 89' lang='lat' dir='ltr'>denm</span> <span class='ocrx_word' id='word_1_270' title='bbox 350 2646 419 2684; x_wconf 90' lang='lat' dir='ltr'>snum,</span> <span class='ocrx_word' id='word_1_271' title='bbox 435 2632 546 2674; x_wconf 83' lang='lat' dir='ltr'>obsecutus</span> <span class='ocrx_word' id='word_1_272' title='bbox 557 2632 672 2687; x_wconf 85' lang='lat' dir='ltr'>praeceptis</span> <span class='ocrx_word' id='word_1_273' title='bbox 687 2632 737 2683; x_wconf 85' lang='lat' dir='ltr'>eins,</span> 
     </span>
     <span class='ocr_line' id='line_1_34' title="bbox 58 2697 791 2760; baseline 0.003 -16"><span class='ocrx_word' id='word_1_274' title='bbox 58 2707 101 2744; x_wconf 89' lang='lat' dir='ltr'>tum</span> <span class='ocrx_word' id='word_1_275' title='bbox 112 2702 211 2744; x_wconf 76' lang='lat' dir='ltr'>dehoram</span> <span class='ocrx_word' id='word_1_276' title='bbox 225 2704 339 2749; x_wconf 89' lang='lat' dir='ltr'>rediturum</span> <span class='ocrx_word' id='word_1_277' title='bbox 353 2707 379 2747; x_wconf 87' lang='lat' dir='ltr'>ad</span> <span class='ocrx_word' id='word_1_278' title='bbox 394 2706 529 2759; x_wconf 83' lang='lat' dir='ltr'>captivitatem</span> <span class='ocrx_word' id='word_1_279' title='bbox 539 2707 631 2760; x_wconf 86' lang='lat' dir='ltr'>ipsorum</span> <span class='ocrx_word' id='word_1_280' title='bbox 640 2705 739 2759; x_wconf 86' lang='lat' dir='ltr'>ipsosque</span> <span class='ocrx_word' id='word_1_281' title='bbox 789 2697 791 2700; x_wconf 41' lang='lat'><strong>⁴</strong></span> 
     </span>
    </p>
   </div>
   <div class='ocr_carea' id='block_1_2' title="bbox 0 0 900 3089">
    <p class='ocr_par' dir='ltr' id='par_1_5' title="bbox 0 0 900 3089">
     <span class='ocr_line' id='line_1_35' title="bbox 0 0 900 3089; baseline 0 0"><span class='ocrx_word' id='word_1_282' title='bbox 0 0 900 3089; x_wconf 95' lang='lat' dir='ltr'> </span> 
     </span>
    </p>
   </div>
  </div>
 </body>
</html>
