1792 3089
2 2660 5 2690 l

2 2692 4 2708 1

300 146 303 151 ’
332 152 479 186 enarmonion,
692 163 744 193 xxm

66 272 118 310 esse,
133 259 176 300 olet
190 257 272 311 quidem
280 256 346 307 LXX,
362 255 399 296 sed
414 255 505 309 respexit
519 267 602 308 quoque
616 257 695 295 tentum
702 248 757 295 He

64 333 164 382 braicom,
183 330 242 371 cuius
261 328 424 381 interpretationi
442 329 497 369 hand
511 328 539 368 ita
553 340 627 380 magno
642 332 673 369 est
687 340 744 369 emo-

62 406 161 446 lumento.

91 478 137 517 *Ex
151 474 259 525 Portibus,
276 474 364 528 primum
380 475 478 515 ecclesiae
493 488 589 527 graecae,
607 474 744 515 nominandus

64 557 95 591 est
106 550 194 603 Cprillus
203 547 363 600 Alexandrinus,
379 549 437 589 cuius
452 549 534 589 scholae
543 547 694 588 Alexandrinae
702 547 745 588 rir-

64 627 119 663 tutes
134 627 195 675 atque
210 613 292 662 errores
307 626 377 674 aperte
391 635 441 674 prae
456 635 478 662 se
492 621 576 662 ferentis
587 621 699 663 verborum
709 634 744 662 co-

63 696 109 749 piae
127 709 170 736 non
188 695 300 747 respondet
318 708 386 735 rerum
401 695 492 748 pondus3
516 694 631 735 Theodorias
648 694 745 748 Mopsue-

63 775 136 818 stenes,
153 768 211 808 cuius
226 759 392 808 commentarium
408 767 428 806 in
437 768 548 819 prophetas
557 768 647 808 minores
657 782 671 808 1
684 768 744 819 Weg-

62 856 115 882 cern
129 841 192 882 edidit
203 841 266 891 1834,
281 854 321 894 qua
333 845 365 880 est
375 840 472 880 universa
485 839 528 880 eius
540 840 644 893 theologia
653 841 744 893 pruden-

63 916 96 966 tia,
112 920 133 956 et
147 920 241 956 eventum
256 913 399 954 vaticiniorum
412 913 533 954 historicum
541 918 601 966 urget
610 919 630 954 et
637 913 745 967 proprium

63 989 174 1031 verborum
189 1000 273 1029 sensum
287 986 368 1039 saepius
383 986 464 1037 indicat,
480 1000 540 1040 quarn
552 987 695 1037 Theodoreus,
710 986 746 1040 qui
803 1033 806 1038 1

65 1060 141 1102 Christi
155 1066 215 1115 atque
230 1059 372 1113 apostolorum
386 1057 473 1100 aetatem
483 1060 544 1101 nimis
554 1060 672 1113 respiciens,
686 1059 744 1113 prio-

64 1148 108 1174 rem
121 1134 264 1175 vaticiniorum
279 1137 375 1173 eventum
389 1132 448 1172 facile
462 1133 556 1186 negligit,
575 1138 665 1174 ceterum
680 1133 744 1173 inter-

64 1219 123 1259 pres,
138 1207 156 1260 si
169 1206 268 1259 temporis
282 1205 337 1246 illius
352 1205 452 1245 rationem
466 1206 572 1255 habueris,
587 1206 679 1247 exirnius.
704 1205 743 1246 Ec-

64 1279 127 1320 clesia
144 1278 277 1320 occidentalis
295 1278 363 1319 solum
376 1278 437 1317 tradit
451 1280 610 1333 ffleronpnreem,
629 1279 665 1332 qui
679 1291 744 1332 quan-

63 1352 138 1392 tumvis
153 1351 249 1391 reieceris
264 1350 373 1402 allegorias
389 1351 433 1390 eius
447 1351 510 1404 longe
521 1352 624 1404 repetitas,
638 1356 707 1391 tamen
719 1364 745 1391 ex

66 1424 161 1465 omnibus
175 1423 320 1476 interpretibus
335 1428 382 1463 ante
392 1423 500 1465 Galateam
513 1424 601 1464 maxime
613 1428 644 1465 est
654 1424 676 1464 in
683 1437 745 1465 usum

65 1496 224 1538 convertendus.
258 1493 339 1537 Etenim
358 1497 392 1550 qui
411 1501 526 1549 sequuntur
544 1500 603 1537 vasto
620 1497 683 1537 medii
700 1497 746 1537 aevi

64 1575 167 1623 tempore,
188 1569 257 1609 Glorsn
275 1568 382 1609 1111111νί1
401 1568 526 1620 lt'clcfre'ede'
539 1568 654 1619 arrabonis,
676 1571 745 1610 Glorra

64 1644 201 1684 interlinearis
214 1642 307 1683 Anselme'
318 1641 470 1690 1111111111,
485 1642 592 1695 Remigius
603 1643 745 1684 1111111111-

63 1718 90 1756 ris
104 1715 171 1766 (Bibl.
183 1715 237 1755 liar.
252 1716 310 1754 Tom.
322 1715 393 1765 XVI),
412 1714 518 1766 nuperus
532 1716 655 1765 nutriente,
674 1714 745 1756 Alter-

65 1794 98 1828 tur
112 1789 204 1840 Magnes
219 1788 300 1840 (Opera
313 1786 378 1839 Lugd.
394 1788 456 1838 1651,
472 1788 531 1827 Torn.
541 1789 600 1839 Vlll)
615 1790 659 1828 fere
674 1802 746 1830 omnes

65 1862 188 1914 Hieronymi
203 1860 288 1913 vestigia
305 1863 401 1912 premunt
418 1864 479 1913 atque
497 1861 631 1913 acquiescunt
644 1860 666 1900 iu
681 1861 746 1913 expli·

67 1934 181 1974 cationihus
199 1933 344 1986 tropologicis,
365 1932 465 1984 mysticis;
489 1932 562 1985 quibus
580 1929 745 1974 adnumerandus

66 2008 126 2047 etiam
141 2011 172 2046 est
187 2006 290 2049 Cornelius
304 2019 318 2045 1
331 2005 417 2057 Lepide,
432 2009 497 2045 aetate
510 2006 616 2058 posterior
630 2006 700 2047 indole
715 2007 746 2047 his

66 2078 163 2132 aequalis.

93 2152 154 2192 Nora
162 2150 277 2204 Zeplraniae
287 2163 370 2204 quoque
379 2150 416 2190 lux
423 2151 503 2191 'effulsit
511 2156 605 2205 tempore
616 2155 746 2195 reformatio-

66 2226 104 2276 nis,
116 2224 171 2265 unde
178 2224 267 2277 primum
277 2224 345 2264 locum
357 2228 414 2264 tenet
420 2223 529 2265 Lamberti
535 2226 678 2267 Aeenionense‘r
689 2241 746 2269 com-

66 2298 177 2338 mentarius
191 2297 213 2337 in
228 2301 316 2350 quatuor
329 2297 413 2337 ultimos
422 2298 532 2348 prophetas
546 2299 608 2349 1526,
623 2300 746 2352 prudentior

67 2370 149 2424 quidem
162 2370 199 2410 sed
210 2371 255 2422 ipse
270 2382 353 2424 quoque
367 2370 392 2409 ab
408 2369 543 2421 explicatione
553 2370 638 2422 mystica
645 2385 689 2413 non
697 2372 747 2413 alie-

50 2482 51 2485 ,
65 2456 111 2484 nus.
126 2442 206 2483 Deinde
216 2443 314 2496 primitias
326 2443 427 2484 afferimus
435 2444 513 2483 Bucere'
521 2443 542 2483 in
552 2444 676 2496 Zeplraniam
688 2458 747 2486 enar-

64 2516 166 2557 rationem
184 2517 248 2565 1528,
264 2517 300 2570 qui
318 2520 338 2557 et
355 2515 519 2570 interpretationi
538 2518 679 2568 grammaticae
696 2531 747 2571 pro-

66 2589 126 2642 spicit
141 2593 161 2629 et
175 2592 258 2630 sensum
271 2595 311 2629 tarn
326 2595 372 2643 apte
383 2590 464 2643 indagat
479 2603 539 2644 quam
554 2590 701 2643 circumspecte
715 2591 746 2631 ri-

1 2709 3 2722 *
41 2702 45 2723 ἵε
64 2666 97 2703 tae
111 2662 225 2703 rationibus
239 2664 386 2706 accommodat.
409 2665 461 2705 'lum
476 2664 615 2704 commentarii
629 2663 748 2704 nominandi
