1792 3089
144 144 216 196 'iis
348 153 350 156 ·
408 153 451 189 cn.
463 154 499 196 111,
514 168 531 188 v.
544 154 623 191 14-17.
663 152 665 155 ·

176 255 361 308 comprehendatur
380 258 432 298 infra
451 260 606 312 explicabimus,
626 264 693 300 tamen
712 256 759 297 huic
774 257 856 297 senten-

176 327 251 369 tiarum
265 330 328 370 nexui
343 335 374 371 est
388 330 463 383 aliena,
479 333 514 386 qui
529 333 615 374 Zionem
629 333 683 373 illam
696 332 765 384 ipsam*
775 333 806 370 est
820 342 856 369 co-

175 402 300 453 hortatnrns,
317 417 377 457 qnam
390 408 447 446 nates
462 412 590 458 praesentem
605 405 722 459 alloquitur.
735 426 763 432 —
777 412 818 453 tto!
829 413 856 442 ol}

177 474 202 515 cl.
221 476 246 515 ad
264 489 284 516 v.
300 478 336 526 113
357 490 419 518 voces
437 479 473 519 has
491 481 576 532 proprie
594 478 728 533 appositionis
743 477 791 527 loco
807 488 858 516 con--

175 547 254 589 iunctas
270 563 322 601 esse,
338 551 464 592 demonstrat
477 561 518 603 prs
528 565 570 594 nan
583 553 691 602 Thronll,
705 552 738 591 ¹13.
747 575 773 581 —
791 549 857 591 calar..-

177 621 306 671 „Confirmat
327 625 456 677 superiorem
477 627 590 667 doctrinam
610 627 720 666 exhortans
739 622 811 663 fideles
832 622 857 662 ad

177 695 278 747 gandium,
295 698 353 751 quasi
367 699 406 739 iam
420 713 470 753 prae
486 700 551 741 oculis
567 703 661 750 exstaret,
677 697 733 751 quod
745 701 804 737 antea
811 695 858 748 pol-

177 767 246 810 licitus
262 774 302 822 est,
316 778 458 827 provocatque
473 774 498 813 ad
513 774 626 815 testandam
636 764 786 826 gratitudinem,
802 768 859 809 acsi

177 841 221 881 iam
232 844 296 895 gratia
311 845 343 885 dei
357 846 397 887 illis
413 851 468 887 esset
482 847 503 887 in
518 848 617 897 manibus,
633 850 653 886 et
663 845 780 884 fruerentur
789 842 857 892 bonis,

178 929 232 968 quae
247 920 315 957 tamen
329 919 404 971 procul
419 921 484 959 adhuc
502 925 549 961 sunt
563 923 640 960 remota
656 921 676 957 et
690 917 784 956 videntur
799 916 858 955 etiam

181 1000 227 1028 esse
242 989 361 1031 abscondita
376 992 400 1031 ab
416 1005 487 1033 eorum
502 1006 570 1036 sensu⁴
594 992 712 1033 Verborum
726 993 794 1029 antem
806 1002 859 1044 ‘con-

178 1059 235 1111 gerie
248 1060 315 1102 voluit
328 1064 406 1105 animos
422 1065 509 1106 afflictos
524 1079 613 1116 armare,
633 1069 656 1105 ut
671 1065 757 1116 possent
771 1062 858 1102 alacrius

178 1132 252 1173 luctari
271 1147 318 1176 cum
332 1140 363 1177 tot
383 1141 403 1178 et
417 1142 457 1178 tam
473 1139 528 1180 duris
544 1144 564 1180 et
578 1137 647 1179 arduis
661 1135 817 1186 tentationibus,
836 1139 859 1175 ut

178 1205 200 1245 in
219 1206 265 1259 ipso
286 1208 347 1249 exilio
366 1214 386 1250 et
404 1215 494 1252 extrema
513 1212 656 1265 desperatione
674 1209 737 1249 nihilo
755 1209 822 1248 minus
837 1221 859 1248 se

179 1279 311 1332 accingerent
324 1284 350 1323 ad
365 1284 439 1336 gratias
455 1286 494 1326 deo
509 1286 618 1338 agendasf‘
646 1284 673 1324 Et·
687 1282 722 1336 qui
737 1282 811 1332 didicit,
827 1283 860 1322 dei

179 1352 280 1394 vaticiniis
295 1355 355 1395 fidam
370 1357 454 1408 habens,
469 1364 555 1411 propter
570 1358 655 1399 salutem
664 1356 753 1396 futuram
764 1355 803 1395 deo
814 1369 860 1408 gra-

180 1424 218 1465 tias
237 1439 307 1478 agere,
328 1429 345 1468 is
366 1430 425 1469 etiam
440 1445 492 1484 qnae
506 1432 604 1484 temporis
618 1429 732 1483 praesentis
747 1428 801 1468 dona
815 1441 861 1481 gra-

180 1497 229 1538 tiam
243 1505 358 1552 merentur,
374 1503 440 1544 oeulis
456 1505 531 1556 apertis
546 1505 642 1545 intuetur.

224 1585 243 1612 v.
259 1574 292 1612 15.
321 1575 417 1615 Reiaoau
433 1576 509 1617 setona
526 1577 604 1617 tacitam
624 1582 671 1624 turi,
693 1575 768 1614 avertit
786 1574 861 1615 hortem

181 1649 250 1691 tauram
264 1659 302 1685 raa
316 1647 407 1697 Israelis,
421 1647 501 1689 Jetova
515 1655 545 1689 ert
558 1651 581 1698 in
595 1650 660 1690 aredio
675 1649 718 1697 tat,
732 1660 774 1687 aon
787 1646 862 1688 callebit

181 1718 268 1770 amplias
281 1720 366 1760 anatum.
390 1720 457 1762 Causa
471 1723 568 1775 triumphi
581 1722 646 1775 prima
661 1725 692 1761 est
705 1721 806 1762 restitutio
817 1722 861 1762 eins

182 1791 319 1843 condicionis,
339 1807 390 1846 qnae
405 1796 484 1848 populo
501 1796 534 1835 dei
548 1795 653 1843 convenit,
672 1807 751 1845 poenae
766 1798 814 1834 sunt
828 1807 861 1834 re-

181 1863 255 1905 missae
263 1865 374 1919 hostesque
389 1868 472 1920 repulsi,
489 1869 562 1908 deiude
578 1869 628 1909 deus
637 1880 742 1920 praesens,
757 1870 862 1919 protector

181 1950 285 1991 nunqnam
300 1939 403 1981 deficiens.
419 1964 448 1969 —
466 1939 531 1980 matam
547 1941 652 1991 indicium,
668 1940 767 1980 sententia
779 1941 861 1991 judicis,

180 2010 236 2050 unde
256 2024 281 2051 ex
300 2014 447 2055 sententiarum
464 2027 520 2054 nexu
535 2015 639 2054 decretum
652 2025 732 2065 poenae
747 2013 788 2053 Jer.
799 2014 819 2064 l,
836 2015 862 2054 16

182 2087 243 2136 atque
257 2097 325 2136 poena
340 2085 384 2138 ipsa
399 2089 459 2128 Dent.
469 2088 530 2138 XXI,
547 2088 579 2128 22.
594 2088 636 2127 Jer.
647 2087 673 2136 V,
689 2087 711 2134 8;
727 2099 794 2138 poena
809 2087 863 2128 enim

182 2160 214 2197 est
228 2155 335 2207 indicium,
351 2161 450 2211 qnatoirns
465 2160 486 2199 in
502 2164 559 2200 certo
573 2160 661 2213 quodam
675 2163 785 2210 peccatore
799 2161 863 2200 mani-

181 2229 256 2270 festum
270 2237 359 2283 apparet.
391 2233 443 2273 Sunt
457 2233 518 2285 igitur
532 2247 600 2286 neque
616 2232 775 2273 consuetudines
790 2234 863 2286 populi

181 2315 257 2354 pravae
271 2316 338 2357 neque
351 2305 395 2345 iura
403 2307 477 2359 quibus
487 2306 537 2346 urbs
547 2306 700 2359 opprimebatur
709 2318 721 2344 a
731 2306 828 2357 tyrannis.
838 2330 864 2339 -

183 2385 222 2414 aaa
235 2375 277 2427 piel
292 2377 365 2417 dicitur
380 2378 431 2419 Gen.
441 2380 523 2429 XXIV,
539 2381 572 2420 31.
588 2381 637 2420 Lev.
646 2379 703 2430 XIV,
719 2380 746 2417 36
762 2379 787 2418 de
803 2380 864 2420 domo

182 2448 305 2499 everrenda,
319 2449 361 2489 Jes.
373 2451 422 2502 XL,
438 2453 457 2493 3.
475 2454 541 2504 LVll,
558 2455 584 2493 14
600 2453 625 2492 de
639 2452 672 2492 via
688 2451 771 2492 domino
787 2466 863 2506 appro-

181 2522 288 2575 pinquanti
306 2524 405 2575 paranda;
429 2526 554 2578 significatur
572 2527 634 2579 igitur
656 2525 689 2564 dei
711 2526 864 2579 omnipotentia,

182 2608 253 2635 omnes
268 2595 341 2648 populi
354 2597 424 2638 hostes
434 2599 488 2639 facili
501 2599 585 2652 negotio
601 2612 613 2638 e
626 2598 694 2639 medio
708 2612 824 2640 removens.
836 2623 862 2632 —-

183 2677 233 2716 ’113111
248 2662 355 2710 collective
371 2684 442 2713 omnes
458 2673 587 2713 adversarios
603 2671 756 2724 complectitur;
772 2687 835 2726 quare
849 2675 867 2714 si
