1792 3089
131 92 134 96 '
167 124 195 170 22
415 119 458 157 Gar.
469 119 488 162 1,
502 132 520 155 v·
531 117 600 157 7-13,

170 223 293 265 Oanaanitae
308 238 355 265 cum
369 223 505 265 Phoenicibus
522 226 656 266 mercaturam
670 223 780 279 praecipue
795 224 849 266 fece-

169 297 217 349 rint,
231 298 351 351 negotiandi
364 297 395 339 vis
406 310 468 351 saepe
481 298 543 339 sinml
550 298 736 351 comprehenditur,
752 298 789 339 sed
797 311 850 339 nnn‹

171 385 232 426 apuam
251 371 296 412 sola
312 373 372 413 tuest.
402 371 476 413 Solent
493 376 560 414 antem
578 374 691 426 prophetae
708 372 799 413 ludaeos
818 372 852 413 vel

171 446 258 486 maxime
272 446 400 488 accusandos
415 459 487 488 eornm
501 447 584 489 nomine
599 460 684 499 uocare,
703 458 755 501 qnos
770 446 851 487 insana-

171 519 224 560 biles
239 520 290 559 dens
304 519 338 560 vel
353 520 425 561 excisit
438 521 473 563 uel
487 520 567 563 excidio
583 522 696 574 destinarit,
713 533 802 575 qnorum
813 533 852 561 noa

171 605 219 633 men
233 593 300 646 ipsum
313 596 354 635 tam
369 594 445 647 ingenii
460 608 520 650 (lnam
534 595 596 637 sortis
610 599 642 636 est
655 595 719 636 testis.
741 595 771 635 Ita
783 594 825 635 Jes.
836 593 852 646 I,

173 667 199 707 lo
218 666 322 721 principes
339 667 466 710 Indaeorum
485 669 616 711 nominantur
636 669 740 723 principes
760 668 852 720 Sodomi,

172 739 263 794 populns
274 740 412 792 Gomorram
428 742 503 785 Ezech.
511 742 570 795 XVI,
582 744 595 784 3
607 746 721 797 paterinus
731 740 852 795 Amorraeus,

173 818 238 855 mater
252 817 287 856 tna
299 815 397 866 Oethaea3
412 816 440 857 ita
454 830 504 871 prae
519 818 592 858 ceteris
608 816 763 858 Oanaanitarnm
777 829 853 857 nomen

173 888 258 930 Indaeis
267 892 365 943 qnantum
373 904 386 930 a
393 890 489 944 dignitate
497 890 569 944 populi
579 891 611 931 dei
620 889 698 943 delapsi
707 889 753 942 sint,
764 889 853 930 ostendit

176 964 201 1003 cf,
210 963 269 1005 Sach.
276 961 331 1014 XIV,
347 963 373 1004 ‘Il
390 963 539 1017 etHccgrteat.
550 963 645 1005 Christol.
654 962 680 1016 II,
694 964 747 1013 397;
762 962 854 1004 similiter

175 1035 272 1075 Ezechiel
280 1035 345 1087 XVII,
355 1039 369 1076 4
382 1036 510 1089 Babylonem
523 1040 585 1093 uocat
592 1037 705 1078 secundnm
713 1035 802 1087 (lanaan,
818 1049 854 1076 eo-

175 1109 262 1162 demque
276 1109 338 1150 modo
354 1122 426 1151 carnes
440 1109 482 1150 loci
497 1109 552 1150 allati
565 1110 608 1151 Jes.
617 1108 694 1162 XXIII,
710 1111 729 1150 8.
752 1108 854 1158 Hcs.XII;

175 1184 195 1224 8.
218 1181 271 1223 Hiob
285 1180 323 1234 XI,
339 1183 372 1224 30.
396 1184 457 1224 Prov.
470 1181 543 1235 XXXI,
559 1183 587 1223 24
605 1187 681 1225 certem
699 1182 855 1224 Canaanitarnm

174 1255 266 1298 indolem
282 1255 402 1309 respiciunt.
432 1256 504 1297 Omnis
522 1256 612 1310 populns
628 1256 711 1299 Oanaan
729 1260 776 1299 sunt
794 1257 856 1310 igitur

176 1343 248 1373 omnes
269 1329 462 1383 Hierosolymorum
474 1329 573 1382 incolae,
596 1332 631 1386 qni
649 1330 766 1373 Canaanitis
787 1331 855 1372 animo

176 1403 302 1459 negotioque
319 1417 386 1457 pares.
416 1403 479 1455 Quod
496 1403 582 1457 imagine
602 1404 747 1457 significatum,
763 1406 806 1456 jam
823 1418 856 1446 se-

147 1492 149 1495 ’
178 1479 247 1533 quitur
261 1479 359 1530 apertum.
375 1500 403 1507 —-
427 1473 480 1519 rhina
496 1478 521 1518 cf.
534 1478 609 1520 Thren.
618 1477 654 1531 IIl,
668 1480 696 1521 28
711 1479 780 1520 onusti
793 1491 856 1531 pecn-

177 1553 220 1604 nia,
239 1551 350 1605 praecipue
370 1564 395 1592 ex
409 1554 524 1593 mercatura
541 1555 617 1605 parata.
652 1551 793 1606 Cognorimns
813 1565 855 1603 eos,

177 1627 212 1681 qni
226 1625 293 1679 primo
311 1639 394 1680 quoqne
409 1621 482 1667 obtutu
496 1626 517 1667 in
533 1626 613 1668 civitate
627 1627 741 1681 perspicui,
760 1630 857 1680 peccato-

177 1714 211 1743 res
227 1698 329 1753 supplicio
344 1698 446 1740 alliciendi
460 1703 516 1751 snnt,
534 1701 639 1754 principes
654 1701 675 1742 in
689 1714 712 1742 re
726 1698 809 1753 publica
822 1700 857 1740 ad-

177 1774 315 1826 ministranda,
331 1777 456 1815 mercatores
471 1774 492 1814 in
506 1773 568 1815 rebus
584 1774 701 1816 domesticis
715 1773 858 1827 comparandIs

178 1847 383 1902 occupatos-reliqui
404 1851 452 1889 snnt
472 1847 496 1899 ii,
519 1847 555 1901 qni
575 1846 738 1900 rempublicam
755 1846 813 1889 nulla
832 1861 858 1888 ex

177 1926 235 1977 parte
250 1922 382 1976 attingentes,
398 1921 472 1975 opibus
487 1921 530 1962 suis
545 1921 647 1961 irnnntnr.

218 2010 238 2037 r.
248 1997 282 2037 12.
311 1997 340 2037 Et
349 1996 391 2050 fiet
405 2001 492 2049 tcuprcrc
506 1995 547 2045 illc,
559 1994 705 2048 perscrutabor
718 1994 859 2049 Hierosolyma

178 2071 266 2112 areum
277 2076 297 2111 ct
309 2069 472 2111 cananaea-nm
482 2070 505 2110 in
517 2068 605 2110 tornines
614 2068 731 2122 coagulatos
742 2069 858 2123 repressae-

113 2186 118 2189 .
178 2144 234 2187 abac
251 2145 302 2194 azia,
320 2143 407 2185 cerccrrtcr
424 2144 447 2183 aba
465 2142 523 2184 corde
540 2156 585 2183 sno:
604 2157 645 2184 raon
664 2142 767 2197 terrefacti
784 2143 859 2185 saltora

177 2234 215 2261 acc
228 2217 342 2272 brutescent.
373 2216 470 2258 Chaldaei
487 2231 525 2270 per·
541 2221 622 2270 portam
640 2217 727 2271 piscium
743 2217 859 2271 irrumpen-

178 2299 220 2345 tes,
238 2293 291 2334 nrbe
306 2291 414 2346 snperIore
431 2294 492 2346 atque
507 2291 605 2333 inferiore
623 2305 670 2332 cum
683 2290 736 2332 valle
752 2303 785 2332 eas
800 2304 859 2345 sepa-

179 2371 237 2407 rante
254 2369 357 2408 vastantes
375 2366 445 2420 potiti,
467 2378 537 2407 onrrres
557 2365 592 2420 qui
609 2365 634 2406 iis
653 2364 733 2405 obuiam
753 2370 860 2419 venerunt,

178 2441 326 2482 interfecerunt
340 2464 366 2472 -
382 2440 419 2481 sed
438 2440 489 2480 dens
507 2439 599 2480 nondum
618 2443 726 2480 contentus
746 2440 807 2489 ettam,
823 2441 860 2481 do-

178 2528 224 2557 mos
239 2514 294 2568 ipsas
310 2517 330 2554 et
344 2514 421 2555 incolas
437 2527 510 2555 secure
523 2514 547 2554 iis
562 2513 675 2554 insidentes
689 2513 824 2567 investigabit.
833 2538 861 2545 —-

180 2600 241 2633 naar:
256 2585 319 2629 mans
335 2592 365 2629 est
379 2587 507 2641 investigatio
523 2587 674 2629 accuratissima
689 2588 714 2629 cI.
724 2589 773 2630 Luc.
782 2588 826 2640 XV,
841 2591 860 2630 8.

180 2661 262 2717 Cycla.-
281 2655 324 2703 ὅσα
344 2658 398 2718 δρᾶν
416 2654 510 2713 thiatiron
527 2654 549 2702 ci
564 2657 673 2713 πολέμιοι
686 2657 778 2714 μανίαις
793 2653 861 2716 ἀκρά-
