1792 3089
81 149 108 189 ’70

143 184 171 224 72

146 284 172 325 ab
190 283 304 339 Assyriis'
299 286 324 326 tis
344 286 519 336 metuendumt
494 287 529 340 sit,
547 288 608 328 docet
621 287 699 328 desaias
715 301 746 341 cp.
758 287 857 330 XVlll
857 290 875 342 Ἃ

149 360 227 408 et3XX
243 359 317 414 quihus
329 363 429 401 tutemus
440 360 543 413 Zephanta
557 362 614 403 nisus
629 362 698 413 ad
663 365 704 412 rer
719 361 772 402 sicut
786 362 860 416 pri
854 340 892 404 ’ἋἋῙ

149 433 195 474 dem
208 447 290 476 manum
305 435 338 476 dei
351 447 395 475 nou
410 433 523 487 effugerint,
537 436 565 477 ita
579 449 655 478 notum
665 448 703 489 per
714 434 828 477 Chaldaeos
856 408 879 478 Ἃ
877 471 885 493 n

149 507 292 561 supplicium
286 509 336 562 ipsis
351 521 434 563 quoque
449 509 620 564 appropinquare
858 500 862 546 Ἃ
873 485 879 541 Ἃ

189 581 260 622 Etiam
277 581 381 624 ἋἋἋΛἋἋΙἋ
368 583 438 636 nepaes!
452 582 585 637 interfecti0
576 583 697 625 ot'actzomeo
712 588 773 624 ἋἋἋἋἋἋ
756 584 829 636 tapsi.
862 578 879 654 Ἃ
882 543 896 644 Ἃ

148 664 197 697 rann
211 651 279 697 utu
274 669 295 696 tn
309 660 397 697 mentem
411 660 497 697 revocat
488 656 574 706 ἋἋἋἋῙἋἋ
591 657 671 698 Jesaiae
689 657 767 708 LXVI
790 657 863 705 16;
861 665 865 714 Ἃ

148 740 195 769 uam
210 743 273 783 quum
291 730 410 785 saepissime
424 729 460 771 ult'
447 735 517 771 trinum
536 731 576 771 hoc
590 731 670 772 Jesaiae
689 734 775 784 capula
763 731 828 771 a·Ze
895 779 896 786 Ἃ

149 803 223 855 phania
236 808 353 859 respectum
367 804 482 855 rideamus,
500 803 529 844 ibi
544 817 626 859 qnoque
642 806 698 859 quod
711 805 789 846 Jesaias
805 805 828 845 de
895 790 896 799 i

151 877 245 919 omnibus
264 879 321 919 orbis
343 882 444 919 terrarum
463 877 557 931 gentibus
576 879 685 931 praedicit,
707 879 830 932 Zephaniant
865 866 875 880 Ἃ

151 956 237 1005 apparet
257 953 305 994 huie
326 953 362 994 uni
382 952 507 994 annuntiare.
523 975 550 983 -
569 962 617 993 ἋἋἋἋἋ
640 952 693 993 sicut
713 952 755 993 Jes.
767 954 796 1003 X,
816 953 828 992 5
870 999 871 1003 Ἃ

149 1034 185 1066 aaa
199 1022 252 1065 ‘oum
264 1023 330 1076 armen
350 1027 441 1080 quamtis
459 1026 513 1067 enirn
530 1025 666 1067 interficiendi
684 1025 724 1067 siut
742 1038 754 1065 a
769 1024 829 1066 Ohal-
889 1031 890 1034 ’

150 1099 216 1151 daeis,
234 1099 313 1141 accidet
330 1103 398 1140 tamen
416 1100 455 1141 deo
473 1100 519 1153 ipso
538 1112 617 1141 summo
632 1099 699 1152 duce,
718 1098 756 1139 sub
771 1099 828 1140 euius

150 1172 245 1225 auspiciis
263 1174 376 1215 militabant
390 1173 496 1224 Chaldaei,
516 1173 686 1227 quemadmodum
704 1176 763 1213 antea
779 1185 829 1214 usus
868 1160 869 1167 i

150 1251 193 1287 erat
206 1245 298 1299 Assyriis
312 1249 338 1288 ad
357 1246 458 1302 supplicia
470 1248 613 1300 perpetranda.
629 1270 655 1278 --
671 1254 716 1286 ΠἋἋἋ
731 1247 830 1301 interpre-

149 1324 180 1361 tes
194 1321 321 1363 recentiores
337 1335 408 1363 omues
423 1324 495 1375 putant
487 1321 554 1362 tvice
569 1319 626 1361 verbi
638 1319 696 1361 suhst
689 1323 731 1360 ttan
724 1320 760 1361 titi
773 1321 830 1375 fungi

149 1408 186 1436 ter
188 1398 232 1437 un
233 1409 283 1450 que
304 1396 360 1436 eritis
378 1396 479 1436 interlecti
484 1395 607 1449 ‚qnoniam
625 1406 741 1447 pronomen
756 1407 830 1448 perso
883 1445 884 1459 Ἃ

150 1482 189 1510 nae
203 1469 285 1521 tertiae
302 1469 361 1510 etiarn
377 1469 395 1510 si
412 1468 491 1520 subeo
492 1482 526 1509 um
541 1472 572 1509 est
586 1480 701 1521 pronomen
719 1481 773 1520 pers.
787 1469 830 1522 pri
882 1474 884 1477 “

149 1556 194 1584 mae
209 1542 242 1585 vel
257 1543 365 1594 secundae,
380 1543 493 1596 proverbe
506 1541 634 1584 substantivo
647 1541 767 1583 collocetur.
788 1543 831 1585 Sed

148 1617 228 1658 nullum
247 1618 360 1671 scripturae
378 1622 448 1658 sacrae
467 1617 536 1657 locum
553 1617 605 1656 hanc
625 1615 717 1668 regulam
732 1616 830 1670 ¹probare,
886 1616 887 1620 ’

148 1692 219 1745 paneis
235 1691 425 1733 demonstrabimus.
446 1690 470 1732 cl.
482 1689 564 1731 uacuae·
576 1702 659 1742 granum
671 1691 717 1741 maj.
731 1703 778 1745 pag.
788 1693 829 1733 632

150 1771 170 1807 et
189 1766 241 1818 633,
264 1766 299 1820 qui
317 1779 361 1806 retu
379 1765 460 1806 ridetur
483 1763 597 1805 accuratius
616 1765 751 1817 proposuisse
771 1779 830 1820 [pram
891 1761 895 1785 ‘⁵

151 1842 246 1882 Gerendus
260 1840 407 1893 Lchrgebtude
421 1852 466 1893 pag.
481 1839 528 1880 738.
563 1836 585 1888 l)
600 1837 697 1878 uacuatos
711 1839 764 1880 bene
783 1841 831 1882 inde
889 1846 890 1874 ἓ

149 1914 297 1968 proficiscitur,
316 1914 373 1968 qnod
390 1912 506 1968 propositio
524 1911 609 1964 proprie
629 1911 721 1964 subjecto
738 1917 758 1955 et
771 1928 831 1968 prae-

149 2001 286 2008 mma-

149 2059 222 2083 morant.
248 2048 281 2083 Cui
296 2048 389 2083 sententiae
401 2049 448 2082 lavet
458 2046 535 2093 primum
549 2046 620 2092 quidem
631 2046 715 2093 temporis
726 2048 781 2092 ratio;
797 2059 831 2083 ete-

148 2107 184 2141 nim
196 2108 218 2139 ah
230 2119 274 2140 anno
289 2106 349 2152 quinto
361 2105 467 2140 Ilehaheomi
479 2118 533 2150 usquo
545 2104 567 2137 ad
580 2105 646 2139 cladem
659 2105 729 2140 Seraehi
740 2118 831 2140 numeran-

148 2173 177 2197 tur
189 2162 229 2196 anni
240 2162 318 2206 triginta,
335 2171 352 2196 et
363 2172 439 2209 tempus,
452 2176 487 2208 quo
500 2172 592 2206 regnarunt
603 2162 656 2207 primi
668 2163 703 2196 duo
716 2162 766 2197 huius
779 2165 831 2211 dyna-

148 2220 190 2255 stiae
206 2219 312 2262 Pharaones,
328 2221 419 2255 Sesouehis
436 2230 453 2253 et
468 2220 558 2261 Osorhon,
575 2220 628 2253 eshcit
643 2219 711 2263 triginta
727 2233 756 2254 sex
772 2234 830 2257 annos.

147 2277 217 2319 Deinde
233 2278 280 2312 favet
294 2277 369 2312 nominis
385 2277 490 2319 similitudo,
509 2287 563 2324 quum
577 2276 637 2310 literae
654 2287 767 2312 consonantes
783 2279 831 2313 vocis

149 2334 230 2369 Osorhon
241 2343 275 2368 tres
287 2335 354 2381 priores
366 2334 475 2370 inveniantur
491 2337 561 2370 eaedem
578 2335 597 2369 in
611 2334 683 2368 nomine
699 2335 767 2369 Serach.
797 2336 831 2370 Re-

147 2400 212 2437 pugnat
223 2404 273 2432 vero,
289 2393 366 2438 primum
383 2395 430 2439 qnod
445 2395 493 2428 deest
507 2394 557 2427 litera
568 2393 594 2434 N,
613 2404 656 2437 quac
669 2391 757 2437 adipsum
769 2406 831 2428 rocem

149 2449 231 2486 Osorhon
247 2449 330 2496 pertiuet3
346 2449 408 2484 deinde
424 2451 488 2485 Serach
503 2451 602 2484 nominatur
617 2448 710 2495 Aethiops,
725 2462 770 2491 non,
787 2449 832 2485 sieut

148 2507 197 2542 Sisah
213 2520 307 2553 omnesque
322 2506 351 2540 alii
363 2507 437 2555 Aegypti
452 2520 508 2552 reges,
525 2521 555 2541 rex
567 2506 641 2553 Aegypti
654 2506 681 2540 uel
692 2505 764 2540 Pharao.
789 2506 832 2542 Fuit
884 2545 886 2547 ,

148 2578 188 2609 ergo
202 2564 266 2600 Serach
277 2564 356 2610 princeps
369 2565 484 2611 Aethiopum,
500 2565 535 2598 sive
548 2564 629 2611 Aegpptis
641 2563 749 2606 tributarius,
767 2564 831 2599 etenim

149 2633 165 2657 et
178 2622 227 2657 Sisalr
238 2620 377 2664 llChron.Xll,
393 2621 403 2658 3
419 2623 514 2668 Aethiopes
529 2621 600 2655 adduxit
615 2621 633 2654 in
649 2622 724 2656 exercitu
736 2635 776 2663 sno,
795 2623 831 2657 sive

147 2679 192 2713 liber
204 2691 278 2725 suaeque
290 2678 380 2724 potestatis
384 2693 389 2723 Ἃ
402 2693 455 2725 quum
466 2680 552 2713 incertum
564 2678 594 2721 sit,
610 2693 644 2725 qno
657 2692 712 2726 usque
723 2680 786 2725 singuli
798 2681 831 2714 Ae·
880 2677 882 2688 '

148 2736 195 2784 gypti
207 2749 254 2781 roges
266 2735 377 2782 Aethiopiam
391 2736 482 2771 obnoxiam
494 2735 527 2771 sibi
539 2735 616 2770 fecerint.
