1792 3089
259 114 279 148 ·.
333 148 375 184 crs.
388 148 406 189 τ,
422 161 438 182 v.
450 147 466 184 e.
479 145 496 183 r.
732 148 757 192 11

118 269 138 298 v,
149 255 168 297 6.
198 255 227 296 Et
245 252 359 295 recedentes
373 267 387 294 o
400 253 476 295 Jelrouce
489 257 510 294 et
524 265 567 303 eos,
586 252 623 305 qn·
639 266 681 294 reon
699 266 760 307 qnae-

76 335 128 370 runt
141 329 237 371 Jetoucun
250 341 287 369 nec
301 328 426 381 investigent
439 340 491 368 enen.
520 325 592 367 Altera
603 326 646 378 jam
660 340 707 380 pers
723 341 759 369 eo-

78 418 133 455 rum,
152 402 188 457 qui
201 402 257 443 idola
272 402 353 453 colunt,
375 400 390 441 ii
404 401 439 455 qui
453 414 540 454 prorsus
557 401 656 441 Jehovarn
669 401 760 456 retique-

74 482 134 527 ·runt3
151 476 295 517 deseribuntur
309 476 389 517 ratione
403 475 470 516 habita
485 479 505 516 et
519 474 599 529 proprii
608 474 702 528 ipsorum
713 488 760 516 cum

65 535 156 594 *Jehora
174 551 274 608 foederis,
286 554 306 591 'a
324 563 366 605 quo
383 553 524 602 rer-esserunt,
546 553 566 590 et
582 553 656 601 status,
679 550 700 590 in
719 563 760 605 quo

76 626 224 680 jamdehovem
236 638 280 666 non
291 629 363 678 curent
371 625 463 679 amplius.
486 625 584 666 Defectus
595 623 669 665 dieitur
676 632 760 669 nutem

79 709 128 742 tutu
143 709 208 741 trumo
224 688 343 741 recedentes
358 714 370 741 u
383 703 432 754 post
445 703 526 752 tergum
537 699 634 750 Jehovae,
649 711 692 739 non
703 697 760 739 Grot.

81 773 116 828 qui
133 786 206 827 preces
221 774 308 816 fundunt
326 774 393 815 aversi
411 788 423 814 a
438 773 566 823 sanctuario,
586 773 623 813 sen
637 772 664 812 ita
678 775 701 812 ut
715 785 762 813 eum

80 861 123 889 nou
144 851 266 902 sequantur,
289 847 346 901 quod
363 846 444 901 legibus
466 846 627 899 obtemperando
648 849 762 900 appareret.

81 923 106 964 cf.
121 921 163 961 Jer.
173 922 188 972 1,
204 922 223 961 4.
243 921 292 961 Hos.
302 920 316 970 I,
332 921 352 963 2.
370 921 426 961 Inter
440 920 530 962 membra
544 919 665 960 hemistichii
679 904 763 961 alterius

80 995 203 1049 interpretes
224 994 332 1036 discrimen
352 994 483 1035 intercedere
504 997 603 1047 putarunt
623 1007 669 1035 cum
693 992 762 1036 Chald.
789 991 790 994 ’

81 1066 148 1120 uiuus
163 1079 184 1121 po
200 1079 238 1111 ru:
253 1064 291 1111 nir
306 1079 334 1109 un
349 1064 418 1111 nutui
434 1077 487 1112 inin
502 1064 548 1130 etp,
564 1068 599 1122 qui
610 1081 653 1109 nou
664 1073 765 1122 quaerunt

81 1142 175 1183 timorem
193 1143 284 1184 Jehovae
302 1154 370 1196 neque
388 1141 413 1181 ab
434 1154 459 1182 eo
478 1141 575 1194 precibus
589 1145 670 1196 petunt;
690 1146 711 1183 at
724 1156 763 1183 no-

81 1216 148 1265 tiones
170 1229 245 1258 vocum
266 1216 384 1269 saepissime
405 1215 568 1267 conjunctarum,
581 1215 662 1257 differre
680 1216 715 1258 vix
733 1216 764 1257 vi-

84 1290 164 1331 dentur.
194 1290 275 1332 Finitur
293 1289 401 1343 impietatis
420 1289 544 1341 increpatio,
562 1288 587 1330 iis
607 1290 709 1341 adductio,
730 1291 765 1346 qui

80 1363 123 1415 jam
141 1362 210 1404 omnia
228 1362 326 1417 pristinae
345 1362 425 1416 pietatis
445 1362 531 1415 vestigia
550 1362 701 1413 exstinxeruntr
720 1365 764 1406 v.5

40 1465 41 1468 ,
82 1436 143 1490 primi
156 1436 268 1479 afferuntur
283 1436 399 1489 sacrificuli,
415 1436 489 1491 quibus
504 1436 622 1479 secerdotes
637 1440 716 1483 tentum
730 1437 767 1478 ad-

40 1561 42 1564 v
81 1510 188 1563 jioiuntur3
209 1512 251 1563 jum
270 1510 336 1553 ultimi
353 1509 410 1564 impii
423 1509 465 1562 illi,
481 1509 555 1562 judicii
569 1511 623 1552 diem
637 1511 766 1553 festinantius

84 1584 217 1633 attrahentem
237 1598 283 1626 nem
297 1585 391 1639 profecto
406 1584 524 1638 ubicunqne
543 1588 611 1627 tantus
630 1588 661 1626 est
674 1585 766 1628 Jehovee

84 1660 204 1710 contemtus,
222 1659 250 1700 ibi
260 1659 339 1702 Jehovn
352 1658 484 1711 semetipsum
497 1658 611 1700 manifestet
627 1671 713 1700 necesse
728 1663 765 1701 est.

364 1803 384 1831 v.
400 1789 483 1830 7-13.

128 1881 174 1922 Uno
192 1879 300 1935 impietatis
318 1885 415 1934 peccato,
434 1881 522 1922 afiorum
536 1881 626 1922 omnium
640 1870 686 1923 tam
694 1896 767 1936 pecca-

85 1957 153 1996 torum
169 1968 229 2009 quam
239 1967 353 2008 poenarum
368 1968 435 2006 ceusu,
451 1955 555 2008 castigato,
570 1955 610 1996 alia
624 1958 768 2011 sequunturiu

84 2032 139 2070 stetu
159 2028 245 2081 politico
267 2032 339 2069 contre
359 2029 417 2082 legis
434 2028 524 2070 rabulam
547 2029 631 2071 alteram
652 2031 766 2074 commissa.

86 2102 151 2143 Simul
165 2103 206 2142 vnti
220 2097 264 2142 dies
278 2115 358 2155 poenae
374 2102 440 2144 oculis
456 2103 578 2145 obversatur·
589 2105 686 2159 videtque
697 2106 768 2149 hostes

85 2176 279 2231 appropinquantes,
294 2177 316 2216 in
328 2177 447 2219 universum
463 2180 508 2219 v.7
525 2178 647 2232 descriptos,
663 2181 767 2234 quomodo
786 2170 787 2173 Ἴ

85 2251 189 2305 principes
210 2250 333 2305 nobilesque
356 2253 404 2293 v.8
425 2255 445 2292 et
463 2254 487 2303 9,
511 2253 616 2306 quomodo
642 2258 768 2296 mercatores

84 2339 104 2367 r.
118 2327 145 2366 td
162 2330 182 2367 et
197 2326 223 2367 11
228 2359 234 2379 ,
255 2325 359 2380 quomodo
379 2326 451 2367 divites
470 2339 556 2368 securos
574 2340 593 2368 v.
606 2327 633 2367 12
652 2331 673 2369 et
687 2328 714 2369 13
733 2342 768 2382 ag·-

85 2399 206 2453 grediuntur
221 2404 241 2441 et
255 2400 282 2440 ed
296 2400 379 2442 exitium
394 2404 469 2442 uocant
483 2400 607 2442 luctuosum.

128 2488 148 2516 v.
157 2476 177 2515 7.
206 2475 249 2516 Sile
263 2487 332 2517 corum
347 2473 427 2516 {forniceo
441 2474 527 2526 Jetocn,
541 2489 591 2517 errem
601 2477 728 2530 propinquus
739 2483 768 2518 est

85 2548 127 2589 dier
141 2549 236 2597 lehunum
253 2563 302 2591 neem
311 2550 399 2603 perruuit
412 2549 487 2591 selmon
501 2551 637 2603 rucrtfimum,
652 2552 772 2607 sanctifice

55 2631 57 2635 ·
85 2624 116 2663 vit
133 2627 213 2663 uoccrtor
229 2637 279 2665 seror.
312 2623 450 2665 Pronuntiuns
467 2628 524 2665 vetes
543 2624 662 2679 gravissime
682 2624 766 2665 crimina

86 2695 153 2738 subito
168 2696 323 2751 interrumpitur
338 2698 430 2751 imagine,
447 2711 498 2753 quae
514 2698 533 2739 ei
544 2697 597 2739 diem
607 2699 697 2741 Jehoree
707 2712 769 2753 praer-
