1792 3089
175 147 204 190 92
426 141 468 180 CAP.
481 143 513 187 III,
525 157 541 179 v.
554 142 607 187 1-,7

218 263 236 290 ν.
247 248 267 289 3.
288 249 393 303 Principes
407 249 449 289 einr
463 249 487 288 r'n
500 249 565 290 medab
580 250 622 290 einr
636 254 685 289 sarrit
694 249 759 290 leones
772 251 856 303 regian-

175 328 210 374 tes,
225 322 302 380 iudicas
315 325 358 364 etas
372 323 419 376 Izqri‘
428 324 519 376 carparis,
534 336 576 363 nora
591 328 685 364 enarrant
698 336 764 364 rracrra.
792 324 855 375 Quod

176 397 204 438 ita
219 398 244 438 de
258 398 354 439 universa
367 396 421 438 valet
434 396 495 448 urbe,
514 396 602 438 vidimus
617 398 636 448 Ι,
651 399 665 436 4
681 400 700 437 01
714 398 727 437 8
742 389 853 450 praecipue

177 471 199 512 iu
213 472 237 512 iis
252 471 322 512 locum
336 471 421 522 habere,
443 470 478 524 qui
491 470 567 524 primas
580 474 651 511 tenent
665 471 686 511 in
701 474 754 511 statu
768 468 853 524 politico

177 548 197 585 et
218 545 357 587 ecclesiastice
375 558 447 585 verum
467 544 507 591 dei>
524 544 600 585 cultum
619 544 653 585 vel
671 545 752 585 docturi
774 544 808 585 vel
822 559 856 586 su-

176 619 289 659 stentaturi.
320 620 454 672 increpantur
468 618 529 671 igitur
538 618 623 672 -atrique
639 623 659 658 et
672 618 759 671 primum
774 618 856 672 quidem

175 692 323 745 gubernatores
341 692 429 746 politici,
450 691 472 731 in
495 691 569 745 quibus
590 695 674 745 peccata
696 688 739 733 ul
760 691 856 745 castigata

176 765 287 819 praecipue
310 765 416 806 manifesta
434 766 492 814 [sunt.
527 764 579 806 Sunt
598 779 649 807 vere
669 765 711 806 duo
732 764 856 818 gubernato-

176 854 222 881 rum
242 852 327 893 genera,
351 843 371 880 01
388 852 433 880 rem
451 839 554 893 publicam
572 839 764 889 administrantium,
787 843 807 880 01
825 839 857 880 ius

177 914 293 961 dicentium,
308 913 412 966 principes
426 916 487 966 atque
501 913 585 954 indices.
608 913 715 965 Principes
722 915 795 958 antem
810 916 858 953 sunt

176 985 245 1027 aaran
262 996 327 1029 natan.
357 985 489 1026 Constructio
508 998 551 1025 non
569 988 599 1026 est
614 999 648 1037 ea,
666 988 689 1025 ut
703 975 788 1026 vertasz'
800 985 857 1038 prin-

176 1059 232 1111 cipes
248 1059 291 1099 eius
306 1062 402 1113 tanquam
415 1058 499 1099 leaenae
513 1059 606 1111 rugiunt,
625 1059 729 1110 Rosciam,
750 1058 786 1100 ubi
801 1072 857 1100 ccm-

175 1132 261 1186 parandi
279 1132 379 1185 particula
398 1132 474 1173 omissa
493 1145 538 1173 esse
556 1145 598 1173 non
613 1136 695 1185 posset,
714 1145 782 1187 neque
798 1133 857 1174 etiam

177 1220 224 1247 cum
240 1205 328 1248 Cecllnr'o
342 1207 392 1246 haec
406 1205 506 1259 particula
522 1206 662 1247 subaudienda
677 1209 714 1257 est,
730 1205 768 1246 sed
781 1206 858 1258 princi-

175 1292 213 1333 pes
227 1279 268 1333 ipsi
282 1282 330 1320 sunt
342 1278 414 1321 leones
423 1279 532 1333 rugientes.
554 1274 622 1321 eliani
631 1291 677 1319 cum
686 1277 740 1332 plur.
752 1279 798 1321 fem.
808 1293 858 1321 cen-

174 1355 269 1406 junctum
285 1366 328 1395 non
347 1353 439 1405 offendit,
460 1367 522 1408 quum
542 1363 601 1397 aaran
621 1353 706 1394 formam
720 1356 798 1395 tantum
811 1355 857 1396 fem.

177 1427 304 1477 assumserit,
329 1440 393 1479 genus
411 1427 495 1468 mascul.
510 1426 617 1467 retinuerit
636 1427 660 1467 cf.
676 1427 757 1468 Etunldr'
775 1440 857 1480 gramm.

176 1500 223 1551 maj.
238 1499 342 1552 pagffld.
371 1500 452 1540 Leones
473 1503 520 1540 sunt
538 1499 569 1539 illi
587 1499 706 1540 crudelitate
726 1503 746 1539 et
765 1500 858 1549 saevitia;

178 1573 232 1615 sicut
245 1573 299 1614 enim
312 1572 384 1614 leones
399 1573 484 1628 reliquis
499 1572 619 1615 animalibus
634 1573 703 1628 rugitu
717 1577 817 1615 terrorem
828 1574 860 1615 in-

178 1648 256 1690 cutiunt
276 1661 340 1702 eaque
362 1649 474 1689 esurientes
495 1647 624 1702 discerpunt,
642 1648 670 1688 ita
684 1648 788 1701 principes
802 1662 859 1689 man-

178 1722 229 1762 datis
245 1722 287 1761 suis
303 1722 396 1763 subditos
411 1722 591 1774 perterrefaciunt,
612 1722 718 1763 facultates
738 1735 810 1762 cerum
823 1735 860 1762 ve-

177 1794 209 1835 lut
230 1793 333 1847 unguibus
354 1798 374 1835 01
393 1793 487 1835 dentibus
508 1794 599 1848 rapiunt,
625 1794 732 1845 dilaniant,
755 1795 860 1836 devorant.

179 1870 204 1909 cf.
219 1869 280 1910 Prev.
290 1868 393 1919 XXVIII,
406 1869 439 1910 15.
464 1868 509 1909 Am.
520 1870 558 1920 Ill,
567 1871 587 1909 4.
601 1870 620 1909 8.
635 1869 686 1910 Nah.
695 1870 723 1920 II,
734 1869 767 1909 12,
786 1870 860 1911 Erech.

177 1940 238 1993 XIX,
250 1943 261 1981 1
278 1945 297 1982 01
310 1943 381 1983 lPetr.
389 1943 415 1993 V,
425 1944 444 1983 8.
456 1967 483 1975 -
498 1944 618 1997 Sequuntur
629 1943 717 1994 judices
734 1957 786 1997 quas
797 1957 860 1997 opor-

177 2014 216 2055 tuit
227 2014 306 2066 judicia
321 2015 412 2068 exlegis
426 2016 542 2068 praeceptis
558 2006 665 2066 exercere,
683 2029 755 2056 verum
774 2016 861 2057 illinon

179 2088 222 2140 ius,
241 2087 278 2129 sed
293 2088 423 2130 ccmmcdum
438 2103 498 2132 snum
512 2092 635 2145 quaerentes
650 2088 711 2131 atich.
721 2090 761 2143 111,
776 2090 802 2132 11
818 2091 863 2133 fue-

182 2166 231 2204 runt
245 2172 287 2204 aar
302 2173 357 2214 anei,
372 2177 424 2217 quos
439 2165 502 2205 LXX
519 2178 590 2205 errore
609 2164 657 2205 satis
676 2164 786 2217 perspicuo
801 2164 863 2218 lupos
890 2216 892 2219 y

181 2235 268 2276 Arabiae
283 2235 434 2288 iuterpretatur.
460 2238 513 2277 Sunt
527 2240 595 2276 autem
609 2236 653 2289 lupi
667 2237 767 2292 vesperis,
784 2239 859 2291 quippe

182 2309 217 2365 qui
231 2311 340 2363 postquam
354 2308 406 2351 farne
420 2322 458 2364 per
472 2311 536 2351 tetam
551 2308 605 2350 diem
616 2309 638 2349 in
649 2308 727 2350 rabiem
739 2310 795 2351 versi
809 2314 862 2364 sunt,

180 2383 219 2424 sub
233 2387 316 2424 noctem
332 2383 356 2423 cs.
370 2384 403 2425 Ps.
418 2384 476 2436 CIV,
492 2386 519 2425 20
537 2384 674 2426 truculentius
690 2389 818 2437 grassentur,
838 2387 863 2428 cf.

180 2456 242 2497 Barla.
256 2455 340 2495 Hieron.
352 2456 373 2507 1,
388 2458 412 2507 3,
429 2459 456 2497 10
470 2471 517 2510 pag.
529 2459 577 2498 820.
603 2457 719 2498 Baeterrae
733 2457 791 2498 affert
805 2459 865 2499 etiam

180 2528 231 2568 Hab.
240 2529 256 2578 l,
272 2529 292 2577 8,
307 2528 362 2567 uude
376 2530 479 2582 Zephania
493 2530 602 2582 imaginem
616 2532 719 2569 mutuatus
735 2542 780 2570 esse
789 2534 864 2583 potest,

174 2606 202 2654 ¹et
216 2603 258 2644 Jer.
268 2602 298 2654 V,
315 2602 334 2643 6.
363 2601 438 2644 Mirum
451 2604 546 2658 proiecto
563 2606 593 2644 est
607 2602 664 2645 viros
680 2603 810 2646 doctissimos
828 2606 865 2647 Ga-

180 2677 259 2716 senrtmz
274 2680 294 2716 01
315 2676 420 2719 taenarum
435 2691 481 2718 eum
499 2679 551 2718 adeo
568 2681 652 2719 secutos
668 2692 725 2730 esse,
744 2683 767 2720 ut
781 2683 866 2732 propter
