1792 3089
173 164 201 204 50
429 159 471 194 cip.
483 158 506 202 n¹
518 171 534 194 v.
546 159 604 196 r-r.

177 263 263 306 Orditur
273 263 402 317 Zephanjaa
415 265 503 305 maxima
515 265 596 307 urbium
606 263 769 315 Philistaeorum,
785 263 858 304 deinde

175 339 308 393 progreditur
327 326 485 393 septentrionem
502 352 582 381 versus,
617 339 672 380 Gaza
695 337 717 377 in
735 338 776 377 sinc
796 337 858 378 Phili-

177 418 282 455 staeorum
297 413 347 455 Gen.
356 414 388 465 X,
404 414 431 455 19
446 414 575 455 Euronotum
589 426 662 455 versus
677 412 726 465 sita,
745 411 807 452 tribui
821 412 858 453 Ju-

178 488 215 529 dae
231 487 388 540 dispertiebatur
401 488 445 529 Jos.
458 488 510 541 XV,
526 489 563 540 37,
582 500 634 542 quae
648 486 695 528 Jud.
705 486 724 538 Ι,
740 486 767 526 18
783 499 806 527 ea
820 500 859 539 po-

178 562 236 611 titur,
252 565 273 602 at
285 561 320 612 ΙΙΙ,
332 562 345 601 3
358 561 428 603 civitas
438 562 511 603 iterum
522 562 587 603 libera
598 562 714 603 nominatur
726 561 798 615 suique
806 561 860 613 juris

177 640 268 677 remanet
281 635 353 676 lSam.
362 636 402 689 VI,
418 635 451 679 17.
470 637 548 691 IIReg.
558 637 639 689 XVIII,
653 638 672 678 8.
695 635 860 690 Descriptiouem

176 710 234 752 urbis
253 714 273 750 et
291 709 447 763 geographicam
466 716 486 752 et
504 712 622 754 historicam
636 711 807 753 accuratissimam
825 711 859 751 dat

178 784 258 826 Robins.
272 784 286 824 l.
299 798 316 825 c.
331 784 360 835 ΙΙ,
375 782 503 827 638-645.
523 787 548 830 cf,
560 785 608 828 Jolc.
619 786 677 827 Fra'd.
691 785 803 827 Barsclzerz‘
819 785 860 826 dis-

180 863 229 901 sert,
250 859 275 900 de
296 859 352 899 Gaza
372 857 468 900 derelicta
487 861 560 902 futura.
584 860 640 913 Lips.
656 860 720 912 1768,
740 862 763 912 4,
784 863 861 915 quant

148 957 151 961 ·
178 938 248 975 uterer
265 933 314 974 mihi
335 945 378 973 non
400 933 490 986 contigit.
526 933 643 974 Alexander
664 947 749 987 maguus
771 935 861 989 quinque

178 1021 260 1049 menses
279 1020 324 1047 eam
342 1006 477 1060 oppugnavit,
497 1011 567 1060 captae
582 1008 638 1048 viros
654 1007 763 1059 interfecit,
779 1008 804 1049 cf.
820 1008 860 1049 Ar-

178 1082 238 1122 riani
250 1081 302 1133 Exp.
316 1079 375 1120 Alex,
388 1082 416 1130 ΙΙ,
433 1081 469 1128 26,
496 1075 535 1119 καὶ
554 1072 671 1122 ἀπέθανον
689 1072 772 1129 πάντες
789 1075 860 1133 μαχό-

179 1166 243 1206 μενοι
248 1183 254 1203 ,
275 1146 305 1201 (ὃς
323 1147 416 1193 ἕκαστον
434 1145 572 1208 ἐτάχθησαν·
592 1148 678 1202 παῖδας
693 1149 718 1194 δὲ
732 1150 771 1194 καὶ
785 1153 861 1209 γυναῖ-

179 1239 220 1276 κας
235 1218 425 1282 ἐξηνδραπόδισεν
440 1218 512 1266 αὐτῶν
523 1218 679 1283 Ἀλέξανδρος·
698 1222 738 1282 τὴν
753 1220 820 1269 πόλιν
835 1225 860 1282 da*

181 1294 310 1348 συνοικίσας
323 1294 348 1340 ἐν
363 1298 407 1340 τῶν
421 1293 545 1356 περιοίκων
548 1330 555 1351 ,
573 1296 652 1356 ἐχρῆτο
668 1294 711 1343 ὅσα
726 1295 825 1359 φρούρια
839 1298 863 1351 ἐς

178 1370 217 1415 τὸν
232 1370 338 1425 πόλεμον.
367 1374 442 1415 Postea
459 1372 576 1415 Alexander
593 1375 696 1417 Jannaeus
715 1388 801 1428 prorsus
818 1390 861 1417 eam

180 1448 288 1495 destruxit,
307 1460 345 1500 per
359 1447 407 1489 anni
420 1451 501 1501 tempus
516 1448 624 1489 obsidione
643 1449 741 1498 clausam
762 1450 860 1492 Gabinius

179 1522 285 1563 Romanus
303 1534 347 1562 eam
365 1522 472 1563 renovavit
489 1520 570 1575 Josepla
585 1521 632 1563 Ant.
644 1524 705 1574 XIII,
722 1523 755 1566 13.
770 1524 789 1565 3.
803 1526 861 1576 XIV,

180 1596 199 1636 5.
214 1596 237 1645 35
252 1595 379 1636 ludaeorum
394 1596 474 1647 deinde,
490 1588 564 1637 Gessio
579 1595 642 1637 Flore
654 1598 787 1651 proconsule,
803 1612 861 1641 ever-

179 1669 210 1710 sio
233 1673 298 1711 totam
319 1669 392 1710 urbem
412 1669 504 1723 tetigisse
522 1682 565 1711 non
582 1669 672 1722 ridetur,
697 1684 760 1724 quum
776 1674 862 1726 posthae

179 1743 323 1784 florentissima
347 1744 448 1785 afferatur.
488 1743 528 1784 oni
545 1747 613 1784 tamen
632 1744 744 1785 sententiae
762 1750 862 1799 repugnat

179 1815 224 1858 Act.
233 1817 291 1868 VIII,
308 1818 346 1857 26:
363 1810 419 1872 αὕτη
435 1812 495 1857 ἐστὶν
513 1809 606 1872 ἔρημος,
624 1817 661 1859 ubi
674 1806 789 1871 pronomen
805 1812 861 1875 αὕτη

179 1903 226 1931 cum
240 1890 354 1932 Boanum
374 1891 470 1933 adriam
489 1904 541 1945 quae
561 1891 638 1943 Gazam
656 1892 726 1944 ducat,
744 1893 779 1934 vix
793 1897 862 1946 potest

178 1965 257 2006 referri.
286 1966 364 2006 Verum
383 1978 446 2020 quum
464 1969 556 2018 constet,
573 1965 649 2006 veteris
668 1965 725 2006 urbis
743 1965 812 2007 locum
826 1980 862 2008 va-

179 2043 234 2079 stum
252 2039 326 2091 luisse,
343 2039 388 2080 reri
407 2038 477 2080 similis
496 2043 527 2080 est
546 2039 655 2093 explicatio
673 2039 746 2080 sauro
759 2039 862 2092 (mineu-

179 2116 256 2166 tungen
275 2112 327 2153 iiber
345 2112 450 2165 gl'atubiges
470 2112 695 2164 Sclrr·iftverstandrriss,
714 2113 783 2166 Leipz.
800 2111 861 2166 1829,

180 2187 218 2238 III,
234 2199 280 2240 pag.
290 2185 353 2238 269),
374 2187 409 2240 qui
423 2187 500 2227 Lucam
515 2186 539 2226 de
558 2186 638 2228 Jesaiae
656 2187 755 2228 vaticiniis
770 2191 863 2229 acturum

180 2259 282 2302 existimat
298 2260 352 2301 viam
371 2259 410 2301 sibi
428 2260 518 2312 munire,
538 2260 633 2301 vaticinia
648 2265 720 2302 contra
735 2261 810 2302 Gazam
825 2262 863 2303 im*

179 2333 235 2387 pleta
254 2347 299 2375 esse
314 2318 467 2376 monstrantem.
501 2333 614 2375 Castellum
633 2335 687 2375 enim
705 2334 738 2375 vel
752 2348 822 2387 mons,
841 2336 863 2375 in

180 2404 223 2460 quo
237 2407 286 2448 urbs
302 2408 384 2463 antiqua
399 2409 437 2449 sita
451 2409 497 2459 fuit,
517 2411 587 2449 vastus
602 2412 642 2459 est,
662 2421 725 2462 quum
739 2408 760 2448 in
779 2409 863 2462 planitie

177 2482 252 2522 floreat
259 2501 293 2550 ⁶2²
303 2482 418 2536 quindecim
429 2482 492 2522 millia
502 2481 617 2522 incolarum
623 2482 742 2534 [continens.¹
750 2506 776 2514 -
785 2478 862 2534 trbpra'a

179 2567 205 2608 cf.
219 2565 302 2608 Robmr.
317 2567 330 2608 I.
347 2582 364 2610 c.
379 2580 424 2621 pag.
435 2568 476 2608 629
491 2567 517 2607 ad
531 2579 587 2607 mare
602 2566 650 2618 sita,
666 2567 718 2608 adeo
732 2571 810 2610 vastata
826 2573 862 2619 est,

179 2640 213 2681 vix
228 2645 251 2682 ut
265 2641 316 2683 aliae
331 2646 398 2683 terrae
412 2642 483 2682 ruinae
498 2643 538 2684 tam
552 2640 610 2682 triste
624 2641 736 2695 praebeant
754 2645 861 2695 spectacu-

176 2714 225 2757 lum.
241 2737 269 2747 --
283 2716 355 2762 'arins
370 2716 395 2758 cf.
409 2714 493 2759 Rotam.
505 2716 518 2758 l.
532 2729 549 2757 e.
564 2729 610 2769 pag.
624 2717 666 2758 629
685 2716 747 2758 Azoti
764 2716 800 2758 ubi
817 2717 860 2757 Da-
