1792 3089
382 164 425 199 Cur.
438 164 474 206 III,
486 178 501 199 v.
515 163 541 199 17.
760 167 800 206 121

122 268 200 311 nullum
214 268 327 310 membrum
342 268 438 321 fungatur
451 281 490 310 suo
505 267 582 309 officio.
604 265 683 320 Nempe
698 266 802 321 ubiprae-

124 341 187 383 valuit
201 346 266 383 metus
281 343 303 382 iu
317 341 414 382 cordibus
428 342 515 392 nostris,
533 353 604 382 sumus
619 340 678 394 quasi
692 342 801 393 exanimes,

123 419 147 456 ut
160 428 186 455 ue
201 415 285 468 digitum
300 415 383 468 quidem
396 415 500 468 possimus
514 414 609 455 attollere
621 414 646 453 ad
654 413 730 468 aliquid
740 428 802 468 agen-

125 488 179 528 dum.
205 489 246 528 Ubi
260 493 326 529 autem
341 501 388 541 spes
403 501 442 529 nos
457 489 537 538 animat,
552 486 614 527 simul
627 491 745 539 vegetamur
758 492 803 529 toto

125 574 223 614 corpore,
241 568 265 602 ut
279 561 355 615 ubique
370 567 467 614 appareat
481 560 596 601 alacritasf‘
626 561 672 610 Qua
685 561 767 614 quidem
781 561 803 601 in

125 634 261 686 explicatione
270 634 365 677 Calvinus
377 635 458 675 videtur
467 635 517 675 duas
531 633 642 674 sententias
651 633 741 675 diversas
752 648 803 675 con-

123 706 221 758 iunxisse,
236 722 285 748 mox
300 709 325 748 de
340 721 429 760 corpore
443 711 494 758 toto,
509 720 558 747 mon
567 707 592 747 de
601 705 694 748 manibus
705 708 803 760 cogitans.

123 779 241 820 Indicantur
250 785 317 821 autem
325 793 402 830 marrus,
419 792 469 832 quas
483 779 518 832 qui
529 780 585 820 timet
598 781 803 831 verterenonaudet,

125 866 188 906 quare
203 853 294 907 quamvis
310 857 401 893 ceterum
416 852 492 906 optime
506 852 582 904 valeat,
600 866 653 905 opus
668 853 752 905 aggredi
766 854 804 893 du-

124 924 175 966 bitat
189 931 210 967 et
224 927 299 967 diutius
315 926 409 967 dubitans
424 929 484 979 atque
492 926 579 967 haerens
591 926 641 965 nihil
648 925 736 978 proficit.
760 926 805 966 hta-

124 1011 164 1038 uus
178 999 216 1038 hae
230 1000 293 1052 agiles
307 999 430 1052 permultos,
445 999 509 1039 veluti
525 1000 626 1049 0111111111,
642 1003 803 1050 commoverunt,

125 1075 149 1111 ut
163 1072 188 1111 de
202 1072 259 1113 urbis
268 1073 384 1129 templique
397 1076 445 1125 post
461 1072 550 1113 reditum
565 1085 590 1112 ex
606 1071 721 1124 captivitate
735 1072 803 1124 Baby-

125 1143 193 1184 lonica
207 1147 336 1186 restitutione
351 1146 476 1198 cogitarent,
490 1158 562 1185 verum
577 1146 633 1198 quod
648 1158 710 1198 supra
721 1145 753 1186 his
768 1159 805 1186 ex-

125 1217 269 1269 plicationibus
283 1220 304 1259 in
318 1219 437 1259 universum
449 1218 589 1271 opposuimus,
605 1217 633 1258 ibi
643 1230 727 1272 quoquc
737 1217 803 1267 valet;

125 1290 251 1343 aptissimum
265 1296 332 1332 auteur
345 1293 385 1332 hoc
399 1291 485 1331 afferunt
499 1291 620 1343 exemplum,
637 1304 699 1344 quum
713 1291 805 1344 Haggaei

126 1364 220 1404 vaticinia
234 1365 385 1414 demonstrent,
401 1368 498 1417 quantum
512 1364 600 1404 valuerit
614 1377 662 1416 spes
676 1368 737 1416 atque
751 1363 805 1404 fidu-

127 1437 193 1477 elain
207 1437 239 1489 iis,
254 1438 290 1491 qui
304 1438 392 1478 animum
406 1436 444 1476 iam
458 1450 546 1490 prorsus
556 1435 710 1489 responderim,
725 1435 806 1489 templi-

127 1523 167 1563 que
183 1502 324 1550 aedificatione
339 1510 458 1550 destiterint.

168 1596 187 1624 1.
198 1585 231 1624 17.
248 1583 329 1633 Jelroccr7
344 1583 392 1623 deos
406 1572 459 1631 iiius,
475 1583 516 1622 erit
528 1583 554 1621 inv
565 1582 631 1624 medio
645 1584 679 1622 111
691 1583 755 1633 beros,
770 1585 807 1637 qut

77 1665 79 1669 '
126 1655 223 1703 hircabta·
236 1654 334 1708 gaudebit
346 1655 371 1695 de
383 1660 402 1694 te
413 1667 460 1694 cum
472 1655 559 1704 laetitia,
572 1654 638 1696 silebit
650 1657 673 1695 111
686 1669 755 1697 amore
763 1670 807 1707 suo,

127 1728 227 1769 exultabit
241 1729 265 1768 de
280 1733 299 1768 ta
314 1741 360 1767 curn
377 1726 445 1767 tutilo.
475 1728 532 1767 Deus
550 1728 643 1768 hostibus
661 1728 746 1770 remotis
764 1742 808 1770 non

128 1802 190 1841 modo
205 1800 283 1854 paravit
297 1799 375 1852 populo
391 1813 429 1840 suo
444 1799 598 1852 salutemillam,
614 1814 686 1841 verum
695 1802 808 1856 etiamipse

129 1888 175 1916 eum
190 1878 243 1914 amat
258 1873 368 1926 diligitque.
380 1896 406 1904 -·
421 1884 468 1916 mni
484 1877 515 1913 est
529 1873 675 1926 praedicatum,
690 1876 747 1928 quod
762 1889 808 1917 ver-

128 1948 160 1988 bis
175 1960 247 1988 versus
262 1948 288 1986 15
306 1946 397 1997 additur,
416 1945 459 1985 illic
473 1946 552 1986 Jehova
566 1945 672 1987 dicebatur
685 1949 809 2002 Hierosoly-

129 2020 167 2061 mis
182 2020 251 2060 sedem
265 2018 350 2070 habere,
369 2019 409 2058 iam
424 2019 503 2060 delrova
517 2019 559 2059 illio
574 2020 649 2060 throno
664 2020 756 2064 insidens
770 2036 810 2063 no-

121 2093 183 2138 ‚mine
202 2106 226 2133 eo
245 2091 369 2145 appellatur,
391 2105 432 2145 quo
452 2105 474 2133 se
493 2093 577 2146 dignum
595 2093 696 2146 praestitit
713 2095 739 2137 iis
757 2110 810 2150 quae

129 2179 147 2207 v.
157 2167 184 2206 15
199 2170 293 2206 recenset
307 2166 411 2218 operibus.
427 2152 454 2196 ..'
469 2164 529 2210 11111
543 2179 587 2206 uon
602 2171 634 2207 est
646 2168 733 2208 verbum
746 2168 810 2210 totius

130 2238 288 2289 enunciationis,
303 2243 326 2278 ut
340 2252 388 2278 oum
400 2238 479 2279 Jehova
493 2239 659 2292 coniungendam
674 2241 709 2291 sit,
725 2241 762 2281 sed
777 2254 811 2281 se-

131 2311 219 2352 cundum
233 2310 275 2351 Jer.
288 2311 346 2362 XIV,
362 2313 386 2350 9:
406 2325 458 2362 „cur
473 2325 495 2352 es
510 2311 563 2353 sicut
578 2314 649 2364 heros,
665 2314 757 2367 quinon
771 2327 811 2368 po-
858 2358 860 2361 Α

131 2389 171 2425 test
186 2385 282 2425 servare“
302 2387 333 2424 est
347 2385 449 2437 appositio
464 2385 543 2436 herois,
562 2387 589 2428 ita
603 2391 626 2428 ut
640 2387 748 2428 relativum
762 2387 811 2429 sub-

131 2459 231 2499 audiatur.
261 2457 397 2510 Omnipotens
411 2458 444 2497 hic
459 2458 520 2510 deus,
536 2459 571 2513 qui
586 2460 683 2514 quoniam
696 2461 758 2501 heros
774 2465 811 2513 est,

95 2535 97 2538 ’
132 2544 214 2571 servare
228 2535 304 2584 potest,
319 2531 504 2584 quoniamdehova
517 2532 539 2572 in
553 2534 621 2574 medio
636 2534 715 2586 populo
725 2546 763 2574 suo
774 2538 812 2585 est,

132 2616 214 2644 servare
228 2603 282 2655 vult,
303 2603 374 2645 salutis
388 2618 492 2659 nunquam
508 2606 614 2648 defuturae
629 2606 767 2648 firmissimum
781 2612 813 2650 est

132 2665 283 2731 argumentum
302 2677 360 2719 adest
377 2678 439 2731 igitur
458 2692 481 2720 ea
500 2693 584 2734 quoque
602 2684 667 2732 aetas,
686 2694 746 2735 quam
762 2681 813 2723 deus
872 2676 874 2679 ’
