1792 3089
140 190 167 231 70
385 184 427 220 Chr.
439 184 467 227 Π,
478 197 494 219 v.
505 182 574 221 8-11.

141 293 260 341 Persarum,
281 289 460 343 Maccahaeorum,
483 291 623 332 Romanorum
642 290 759 331 invasiones
776 304 824 332 ver·

141 366 192 407 bum
207 365 241 406 dei
254 365 307 407 adeo
321 364 467 418 impleverunt,
482 369 505 406 nt
519 364 655 415 Moabitarum
669 365 734 418 prins,
750 366 823 406 deinde
874 378 885 421 st

142 439 307 482 Amrnonitarum
321 438 354 481 vel
369 438 465 493 Origenis
480 442 572 493 tempore
589 452 632 481 uon
646 439 733 493 arnplius
747 440 824 481 mentio

143 516 184 556 fiat.
215 514 277 565 Quod
295 514 321 554 ad
339 513 477 566 posteriorem
494 514 566 556 attinet
579 513 668 556 vaticinii
681 519 770 567 partem,
791 528 825 556 ae-

144 589 246 630 onratiora
263 588 386 628 referuntur.
416 587 535 629 lllaoeabaei
552 589 616 640 eninr,
637 589 747 643 praecipue
761 589 825 630 Judas
869 629 884 648 ἢ

142 664 171 704 ita
188 662 279 717 populos
296 662 334 703 hos
356 661 446 715 subegit,
468 666 491 703 nt
510 676 561 717 quae
579 666 703 704 memoratur
720 663 825 717 praedatio
868 650 869 653 Ἴ

144 742 205 793 atque
223 736 330 791 possessio
354 736 380 776 ad
400 736 486 778 uerbum
503 736 573 779 looum
590 737 683 779 habuerit
705 738 729 779 of.
748 737 825 791 Ioseph.
866 781 867 792 ἢ
894 770 895 773 ,

144 811 249 862 AntXll,
259 809 293 852 ll.
304 811 337 852 12.
353 810 413 862 Xlll,
429 812 449 852 9.
459 811 493 852 13.
502 811 535 853 15.
547 812 581 864 17,
598 817 617 853 et
630 812 713 853 illaec.
722 811 747 864 V,
758 813 826 853 6—8.
890 804 891 808 ¹

144 885 225 927 Deinde
245 885 288 937 jam
306 898 344 939 per
362 884 452 927 Judaeos
471 887 563 940 captivos
583 887 666 928 Gronau
685 886 734 927 dicit
750 885 826 927 multos

84 981 86 983 ·
147 959 282 1014 degentibus
302 959 398 1001 didicisse
415 973 478 1002 unum
494 974 539 1002 esse
558 961 618 1002 deum
632 960 777 1014 cognitumque
792 974 827 1002 eo·
870 947 875 997 ἕ

145 1035 215 1075 luisse.
237 1034 275 1084 „ld
289 1038 356 1074 antem
370 1046 413 1074 non
428 1033 472 1074 sine
487 1034 576 1075 eruentis
590 1033 657 1084 bellis,
672 1046 698 1074 ne
712 1037 773 1087 typus
788 1048 827 1088 pro
873 1090 874 1094 Ἰ

145 1122 168 1148 re
188 1108 233 1160 ipsa
247 1111 268 1148 et-
285 1107 358 1149 umbra
375 1120 414 1160 pro
430 1120 519 1160 corpore
537 1107 651 1148 haberetur.
681 1107 737 1160 Ergo
753 1108 828 1162 qualis-
875 1141 877 1162 ;

146 1194 228 1236 cunque
242 1180 283 1232 illa,
299 1194 351 1235 quae
366 1181 404 1222 sub
420 1180 547 1222 llaoeahaeis
561 1180 641 1234 populo
657 1181 689 1222 dei
703 1185 746 1222 tum
756 1182 777 1223 in
790 1196 828 1224 sna
874 1197 888 1243 3„

146 1261 190 1297 tum
204 1255 225 1295 in
239 1254 284 1296 aliis
299 1254 428 1309 regionibns,
448 1254 487 1294 iam
501 1258 544 1295 tum
559 1255 612 1295 enim
626 1268 664 1309 per
678 1256 794 1310 Aegyptum
810 1261 830 1299 et

146 1330 217 1372 Asiam
233 1329 317 1383 plurimi
334 1328 460 1380 habitabant,
482 1328 567 1370 felicitas
582 1332 643 1383 atque
657 1331 750 1383 potentia
764 1333 830 1373 oonti-

147 1405 185 1458 git,
209 1404 230 1444 id
247 1403 285 1444 init
304 1406 402 1457 quantum
419 1403 445 1443 ad
465 1403 509 1455 typi
529 1403 610 1456 quidem
630 1408 649 1444 et
670 1404 829 1448 adumbrationis

148 1478 248 1519 rationem
262 1478 343 1529 attinet,
363 1477 420 1531 qrrod
437 1480 478 1517 taur
496 1476 529 1517 hie
549 1491 609 1531 quam
626 1477 674 1519 alibi
688 1479 709 1519 in
722 1480 829 1533 prophetis

126 1589 128 1592 .
148 1552 231 1594 ludaeis
247 1565 258 1592 e
273 1551 379 1604 Babylone
394 1549 504 1592 reduoibus
519 1552 642 1604 promissum
656 1552 748 1607 legimus.
774 1555 830 1596 Vera
895 1543 896 1549 ¹

149 1630 216 1668 antem
236 1626 327 1667 annuum
345 1624 462 1678 adimpletio
478 1625 499 1665 in
513 1637 577 1678 regno
595 1625 670 1668 Christi
685 1628 737 1668 faeta
752 1631 783 1670 est
797 1629 830 1670 hio

149 1700 222 1755 spiritu
238 1704 257 1741 et
270 1699 322 1751 fide,
337 1698 358 1739 in
373 1700 442 1740 futuro
459 1698 540 1740 dennrm
554 1700 637 1742 saeculo
652 1714 674 1742 re
689 1701 734 1754 ipsa
749 1705 768 1743 et
782 1715 830 1756 per-

148 1775 245 1816 fruitione
260 1774 413 1815 eonsnnnrrata“
427 1775 526 1817 Bararus.
554 1774 645 1815 Eandem
660 1776 780 1816 sententiam
794 1790 830 1818 ne-

148 1854 215 1890 terum
229 1848 315 1901 praebet
329 1861 449 1889 consensus.
473 1848 498 1888 of.
510 1847 592 1889 Errrehi
604 1850 721 1890 Demonstr.
732 1850 829 1904 Evangel.

149 1924 178 1974 ll,
199 1924 218 1964 2.
239 1923 277 1963 16:
304 1914 350 1961 ἀπὸ
373 1919 414 1962 τοῦ
437 1917 550 1975 §operior
576 1914 673 1976 δήλωσις
696 1917 831 1977 ἐπιφανείαις

149 1990 252 2050 Xpioeon
267 1990 305 2036 rol
320 1990 477 2051 καθαιρεαέας
492 1987 679 2050 εἶδαλολααραίας
689 1990 727 2035 καὶ
737 1994 781 2036 τῶν
790 1993 831 2038 ἔθ’-

149 2067 192 2110 vav
216 2063 249 2117 εἰς
267 2065 323 2109 θεὸν
347 2061 467 2121 εὐσεβείας.
504 2069 632 2122 Augustinus
655 2070 680 2110 de
700 2070 780 2112 civitate
799 2072 833 2112 dei

150 2142 231 2195 XVlll,
250 2144 277 2183 33
292 2146 391 2183 memorat
404 2144 454 2184 haee
469 2143 532 2184 rerba
547 2144 665 2197 Sophoniae
679 2145 791 2198 prophelae
807 2147 832 2187 de

151 2218 233 2259 Christo
240 2217 349 2271 praedicta.
374 2217 520 2259 Theodoreus:
534 2213 560 2258 τὸ
576 2210 668 2272 ἀκριβὲς
678 2215 743 2266 τέλος
754 2211 767 2257 r‘
778 2231 833 2274 erpo.

151 2286 234 2347 φητειά
250 2286 288 2332 did
301 2289 346 2330 τῶν
360 2284 426 2346 ἱερῶν
440 2283 519 2343 ἔλαβεν
531 2283 664 2331 ἀποστόλων
675 2288 713 2331 καὶ
723 2290 767 2331 τῶν
775 2287 833 2333 ἑκεί-

151 2357 468 2422 aava,ttritegoptvonc‘cptav
483 2386 508 2394 -
524 2362 590 2404 dobeo
611 2359 635 2404 dd
652 2356 679 2406 οὗ
694 2361 751 2405 κατὰ
766 2358 833 2417 νόμον

152 2430 210 2477 ἀλλὰ
225 2433 282 2477 κατὰ
296 2434 336 2493 τὴν
352 2431 495 2492 αὐαγγελικὴν
510 2432 658 2477 διδασκαλίαν
669 2434 790 2493 γεγένηται,
807 2441 832 2481 ef.
895 2429 896 2434 ¹

151 2510 297 2566 ApocalXV,
317 2514 337 2553 4.
362 2513 443 2553 Etenim
457 2513 569 2566 primorum
584 2511 667 2552 illorum
681 2511 769 2566 Aegypti
784 2515 833 2556 deo-
895 2550 896 2553 ,

152 2588 203 2629 rum
217 2587 281 2627 instar
298 2599 368 2627 omnes
387 2587 477 2628 omnium
496 2586 587 2639 gentium
606 2585 634 2625 dil
648 2585 669 2626 in
684 2586 727 2628 dies
743 2588 834 2629 emaciati

152 2665 200 2702 snnt
214 2665 275 2715 atque
291 2660 423 2713 ernaoiantnr,
444 2661 510 2701 donee
529 2660 586 2700 finito
604 2660 705 2714 supplicio
726 2661 759 2702 dei
773 2666 834 2716 atque

150 2736 240 2790 jndicio,
260 2735 305 2789 ipse
325 2734 382 2777 solus
397 2735 524 2789 relinquatur
539 2734 589 2776 dens
604 2738 664 2789 atque
679 2736 746 2789 ipsum
761 2749 832 2778 omnes
