1792 3089
155 146 183 188 (50
396 140 438 177 aar.
450 140 477 183 Π,
492 139 590 178 v.e-11.
641 120 644 124 ’

155 250 175 287 et
189 255 243 286 narn
259 245 408 299 conjungimus,
424 245 498 300 quibus
508 246 610 288 adduntur
624 245 748 287 oontnmelia
760 246 835 293 affecti3

156 334 208 377 qnae
231 320 349 373 conjunctio
369 318 428 360 verbi
447 333 495 360 enm
515 319 641 362 substantivo
661 319 695 361 vel
716 319 837 361 substantivi

157 410 203 437 crnn
217 394 282 436 verbo
297 392 403 445 Hebraeis,
418 393 471 433 sient
486 393 545 434 etiam
560 395 644 435 Graecis
659 394 751 435 adamata
762 398 798 435 est.
811 417 837 423 —

156 466 217 514 omna
236 466 264 510 'aa
281 465 359 512 ranan.
393 461 472 508 Horum
492 468 603 509 verborum
625 481 708 509 sensnm
726 468 780 509 bene
802 480 837 508 ex-

156 543 218 596 plieat
235 541 346 594 Hitaigr'aa.
375 538 434 582 'aaran
456 540 519 592 enirn,
541 542 626 595 proprie
647 555 742 596 magnum
764 542 837 592 faeere,

159 608 231 657 deinde
247 615 363 669 superbire,
378 614 469 656 fastuose
484 628 554 668 agere,
569 614 644 669 legitur
658 617 690 657 Ps.
699 616 788 667 XXXV,
804 617 838 656 26.

158 691 277 741 XXXVIII,
288 690 321 730 17.
335 689 377 730 der.
386 689 484 741 XLVIII,
496 690 530 741 42,
546 693 606 743 atque
621 689 713 731 similiter
729 689 794 731 Obad.
805 691 838 730 12.

158 765 232 805 Ezech.
242 764 331 815 XXXV,
345 764 380 805 13,
399 763 463 805 Vocis
478 759 539 806 alna
554 763 651 805 suffixum
665 763 691 804 ad
705 760 735 805 ma
748 764 839 804 referen-

160 839 208 879 dum
226 841 266 889 est,
288 838 344 892 quod
361 851 423 892 quum
441 837 468 878 sit
486 836 626 888 collectivum,
646 837 705 877 facile
725 851 771 878 oum
784 836 838 890 plur.

161 911 302 964 conjungitur,
319 910 419 963 cogitatur
432 914 499 952 antem
512 914 603 952 nontam
613 910 638 950 de
647 910 784 952 Israelitarum
794 910 840 950 fini-

159 986 198 1026 bns
214 984 345 1037 occupandis,
361 997 421 1038 qnam
436 987 467 1024 est
481 983 553 1024 iterum
564 983 719 1036 prosopopoeia
731 984 839 1037 quaedam,

156 1060 210 1099 fines
226 1057 280 1098 enim
294 1057 308 1098 ii
322 1061 376 1108 sunt,
392 1061 464 1098 eontra
479 1069 531 1110 qnos
546 1060 617 1109 gentes
631 1056 678 1097 illae
692 1061 778 1111 snrgunt
788 1071 838 1099 oon-

159 1132 258 1173 vioiantes
276 1134 337 1185 atque
356 1130 508 1184 superbientem
528 1129 607 1171 sublata
624 1130 710 1183 imagine
724 1132 788 1173 fastus
806 1131 841 1172 ille

160 1209 254 1260 apparet,
277 1204 294 1244 si
312 1204 364 1245 fines
381 1204 518 1245 Israelitarnm
536 1204 682 1257 aggrediantur
700 1209 840 1260 eonantnrque

160 1279 284 1321 invasiones,
315 1277 354 1318 Cni
369 1277 501 1331 explicationi
515 1277 569 1318 favet
582 1277 647 1319 Amos
661 1280 680 1329 I,
695 1277 723 1319 13
740 1279 780 1332 ipsi
793 1280 841 1320 hnio

160 1353 238 1408 populo
255 1351 355 1403 objiciens
369 1348 430 1395 olma
445 1359 473 1391 nn
489 1361 563 1400 mnan,
579 1352 635 1405 qnod
649 1352 686 1395 Ex.
696 1353 799 1402 XXXIV,
814 1354 842 1392 24

162 1429 213 1469 dens
234 1424 313 1480 populo
335 1438 373 1466 sno
393 1423 428 1477 pio
448 1423 570 1476 promiserat
591 1425 685 1467 dominns
704 1428 779 1477 terrae,
801 1427 841 1467 hoo

163 1498 290 1542 Ammonitae
304 1498 362 1539 nullo
378 1497 417 1538 sibi
432 1498 480 1549 jure
494 1497 631 1550 vindicantes,
652 1499 787 1541 extenderunt
800 1503 842 1541 ter-

161 1574 228 1615 minos
246 1573 344 1625 ipsorum.
373 1569 445 1612 araur.
459 1570 513 1610 bene
528 1571 626 1623 ostendit,
645 1585 712 1626 neque
727 1573 841 1627 parallelis-

160 1661 222 1698 nrum,
237 1659 305 1700 neque
319 1659 338 1686 v.
347 1645 381 1697 10,
396 1643 431 1685 ubi
444 1647 529 1697 peecata
544 1658 580 1685 ore
589 1651 650 1699 atque
660 1659 723 1699 opere
734 1647 842 1689 commissa

161 1722 251 1763 breviter
266 1719 397 1772 colliguntur,
412 1731 533 1772 repugnare,
550 1733 612 1774 qnnm
620 1720 749 1761 incursiones
757 1720 842 1762 hostiles

164 1801 183 1838 et
198 1794 312 1850 prodierint
331 1806 356 1833 ex
371 1795 476 1833 contemtu
489 1792 563 1845 populi
580 1798 600 1834 et
613 1794 745 1847 ignominiam
760 1795 843 1835 afferant

162 1871 196 1921 iis,
215 1869 236 1909 in
253 1881 341 1922 quornm
359 1867 411 1907 fines
431 1866 576 1919 suscipiuntur.
606 1868 669 1918 Quod
688 1868 777 1909 studium
791 1868 843 1909 lines

162 1942 281 1998 proferendi
299 1941 420 1982 Arnmonitis
441 1943 460 1981 et
475 1939 571 1982 llloabitis
589 1941 697 1995 propriam
714 1942 787 1994 fnisse,
808 1943 843 1983 de-

162 2020 277 2059 monstrant
291 2019 359 2056 vatrnn
368 2014 440 2066 minae,
456 2013 533 2066 limosi,
548 2015 656 2066 Jerenriae,
671 2015 791 2068 Ezechielis,
808 2017 843 2057 de-

164 2094 264 2133 monstrat
280 2089 365 2130 historia
383 2088 516 2129 creberrimas
536 2102 607 2130 eornm
621 2089 738 2131 invasiones
754 2091 842 2131 tradens.

165 2168 190 2207 of.
202 2163 330 2206 Theodoram
343 2163 409 2215 Mona.
425 2157 506 2217 ἑώρων,
523 2152 537 2202 ii
553 2155 628 2216 ἔλεγον
645 2160 693 2210 τοῖς
707 2156 770 2214 ἐμοῖς
785 2156 843 2204 ὀνει-

165 2235 272 2289 δίζοντες,
293 2229 323 2284 ὥς
342 2228 407 2276 οὐδὲν
425 2230 450 2275 ἐκ
465 2232 504 2290 τῆς
523 2230 578 2290 ἐμῆς
593 2227 759 2290 ὠφελουμένοις
773 2236 844 2292 θερο-

164 2308 242 2359 analag,
264 2304 307 2351 ὅσα
326 2322 350 2351 aa
366 2300 443 2357 αὐτοῖς
462 2303 519 2348 κατὰ
529 2305 577 2364 τὴν
593 2301 685 2361 δύναμιν
703 2305 743 2365 τὴν
758 2302 845 2350 οἰκεῖον

165 2382 248 2440 ἐπῆγον
269 2378 335 2435 κακὰ,
356 2377 409 2431 algae
428 2378 467 2423 aad
480 2376 535 2435 nass
551 2376 738 2438 ὑπερβαλλούσης
752 2382 791 2437 τῆς
805 2396 845 2435 με-

164 2451 290 2516 γαλαυχίας
304 2454 348 2497 τῶν
363 2450 430 2512 ὁρίων
444 2449 592 2511 ἐφάπτεσθαι
606 2451 723 2507 adnando,
739 2448 845 2505 ὡςὰνοῦ-

165 2531 214 2580 τοῖς
228 2522 348 2585 προςήκειν
363 2522 499 2584 ὀφειλόντων
513 2523 599 2570 λοιπόν.
629 2530 686 2571 Dens
701 2544 751 2572 vero
766 2532 844 2585 populo

166 2620 214 2657 sno,
234 2618 277 2646 non
296 2605 340 2645 sine
354 2605 446 2657 pondere
461 2614 499 2645 aar)
513 2603 627 2655 nominato,
647 2605 708 2646 Dent.
723 2607 816 2656 XXXII,
831 2607 844 2646 8

165 2678 319 2733 possessionem
334 2678 481 2731 assignaverat,
501 2677 598 2719 terminos
613 2678 638 2718 ab
654 2692 679 2719 eo
694 2680 797 2733 praefixos
812 2692 845 2719 re-
