1792 3089
313 127 355 163 GAI’,
368 128 395 170 11,
411 140 427 162 v.
439 126 455 163 8.
704 132 731 173 59

52 238 115 277 status
131 235 223 288 gentium
238 245 324 274 securus
339 245 420 274 causam
434 232 483 274 satis
498 232 577 272 firmam
588 232 687 284 praebere
701 233 748 296 vri-p

53 308 147 359 debatur,
168 309 218 348 deus
234 305 331 359 opponit:
353 303 434 355 eunom
455 306 516 346 deum
534 305 588 345 enim
605 319 648 347 non
665 304 748 363 vateml

52 383 120 437 loqui,
135 383 260 436 appar-etex
275 392 293 420 v.
307 381 333 431 9,
349 382 369 419 et
382 379 523 420 concludimus
539 390 564 417 111
578 378 620 419 Jes.
635 381 697 431 XVI,
713 367 746 432 6,’Ξ

52 456 87 497 ubi
107 457 166 496 deus
178 454 268 495 insidens
287 452 384 493 tribunali
401 466 439 494 suo
452 451 545 505 judiciali
564 451 648 493 erimina
662 454 734 506 populi

50 529 149 583 percepit.
186 527 263 567 Eadem
283 526 333 566 haec
355 526 464 580 descriptio
485 525 552 578 ampla
572 525 593 565 in
613 527 682 568 verbis
701 528 732 569 his

53 604 78 642 de
92 601 188 642 bloabitis
202 599 374 653 pronunciarrdis,
390 600 411 639 111
426 599 500 653 quibus
515 598 602 640 alterum
616 601 733 654 respexisse
798 653 800 656 ι

53 676 139 715 alterum
155 673 243 714 dubitari
257 673 292 714 vix
306 676 381 725 potest,
395 673 484 714 ι11111111
498 673 588 725 priorem
602 673 665 715 luisse
674 675 734 715 nobis

54 748 173 802 persuadet;
182 747 225 787 illic
233 747 287 787 enim
296 746 373 787 auditio
382 747 432 786 haec
440 746 499 787 estin
509 749 556 786 actu
566 745 644 788 forensi
654 733 735 799 depicto

54 834 117 874 parva
131 823 209 861 tautum
223 833 278 873 pars,
294 819 397 872 Zephauia
411 833 453 861 uuo
469 819 509 860 hoc
522 818 587 860 verbo
603 819 737 871 adjudicium

53 894 104 934 illud
120 892 153 933 dei
166 893 260 943 recurrit,
276 897 296 933 et
310 894 367 946 quod
381 892 443 934 rebus
458 892 584 945 populorum
597 892 693 933 secundis
704 906 737 934 re-

53 968 139 1008 futatum
153 966 245 1017 videtur,
260 965 282 1005 id
297 966 370 1007 iterum
384 966 483 1017 inculcat,
499 965 604 1019 impletum
619 965 645 1006 iri
657 967 737 1019 repetit.

0 1092 1 1095 Ἴ
54 1041 90 1080 Pio
104 1043 172 1080 autem
186 1040 271 1090 sufficit,
288 1041 348 1081 deum
363 1040 465 1081 audivisse
481 1044 542 1094 atque
557 1052 620 1080 nosse
637 1040 735 1091 convicia,

1 1101 6 1154 1
55 1114 121 1164 deum,
137 1113 172 1166 qui
186 1111 237 1152 divit
245 1113 305 1153 Dent.
314 1114 403 1163 XXXII,
418 1112 446 1155 35
461 1125 529 1166 neque
539 1116 608 1165 potest
617 1114 667 1167 quin
675 1114 737 1155 fidem

1 1207 6 1244 ³.
54 1190 123 1240 praest
136 1190 153 1226 t:
177 1183 239 1237 „mihi
253 1184 315 1236 ultio,
335 1199 373 1238 ego
388 1186 520 1239 rependani.“
535 1209 563 1216 -
587 1195 647 1227 111111.
671 1187 737 1228 Inter-

54 1264 123 1313 pretes
146 1260 225 1299 certum
244 1259 347 1311 quoddam
367 1260 508 1300 conviciorum
528 1266 609 1313 tempus
629 1265 737 1313 quaeruut,

54 1345 117 1386 quare
137 1331 171 1371 alii
190 1344 236 1371 cum
249 1331 374 1385 Hieronymo
396 1333 485 1386 cogitant
500 1333 525 1373 de
542 1323 738 1375 Olialdaeorumin-

55 1406 145 1455 vasione,
161 1404 283 1458 quibuscum
290 1404 364 1457 populi
372 1406 432 1446 ambo
443 1405 555 1457 conjuncti,
571 1407 589 1446 II
600 1406 650 1459 Reg.
659 1408 738 1458 XXIV,

56 1479 79 1528 2,
94 1477 219 1519 vastaverint
232 1477 306 1518 ludam
321 1481 341 1518 et
355 1478 477 1520 conculcato
493 1478 611 1519 sanctuario
627 1493 674 1520 cum
689 1481 738 1522 sub-

52 1552 146 1603 J'ugatrun
157 1550 258 1603 populum
267 1551 349 1591 Israelis
362 1552 547 1605 blasphemaverint
558 1555 602 1593 turn
615 1552 676 1594 deum
687 1554 737 1605 eins,

56 1624 91 1676 qui
109 1635 169 1676 quam
188 1623 214 1663 sit
231 1623 323 1665 infirmus
344 1637 419 1678 eaque,
440 1638 501 1679 quam
518 1624 558 1666 sibi
575 1625 675 1677 vindicet,
695 1641 738 1668 ma-

52 1698 127 1748 jestate
148 1695 243 1748 indignus
264 1696 303 1736 iam
321 1696 367 1737 luce
387 1697 461 1739 clarius
480 1702 585 1752 appareat,
608 1700 695 1751 perinde
714 1716 739 1742 ao

57 1769 136 1821 ObadJ'a
150 1767 250 1809 Edomitis
268 1768 295 1809 ob
313 1771 353 1811 hoo
371 1775 478 1825 peccatum
497 1772 521 1812 ab
540 1772 591 1824 ipsis
609 1774 738 1815 committen-

56 1843 104 1883 dum
118 1855 205 1895 poenam
220 1841 308 1883 divinam
322 1843 444 1897 promulgat.
470 1845 512 1886 Sed
527 1858 570 1886 non
580 1850 616 1898 est,
633 1862 671 1888 cur
681 1850 738 1902 qnod

56 1916 77 1956 111
90 1915 181 1967 Obadjae
195 1915 292 1957 vaticinio
307 1918 396 1970 apertius
412 1918 538 1972 significatur
553 1919 674 1973 captivitatis
687 1925 738 1964 tem-

56 2002 104 2041 pus,
120 2002 182 2041 quum
198 1989 300 2041 Zephania
314 1995 398 2043 peccata
412 1991 481 2033 sutura
495 2007 538 2034 uon
553 1993 638 2046 indicet,
659 2009 685 2036 ex
698 2010 738 2038 no-

57 2066 100 2103 stro
116 2062 200 2103 arbitrio
215 2063 340 2105 definiamus.
363 2064 405 2105 Alii
419 2065 480 2119 igitur
490 2069 569 2110 suturas
578 2070 614 2109 has
626 2069 739 2113 calumnias

56 2135 142 2176 vitantes
157 2135 290 2189 requiescunt
303 2138 360 2179 iniis
375 2140 512 2193 contumeliis,
528 2142 603 2196 quibus
612 2147 683 2196 gentes
693 2144 739 2187 illae

4 2237 19 2268 f
55 2210 165 2250 affecerant
178 2210 257 2251 incolas
272 2211 330 2265 regni
346 2212 416 2253 decem
431 2214 530 2266 tribuum,
552 2217 644 2270 captivos
659 2218 684 2258 ab
699 2220 739 2261 As-

56 2283 116 2335 syriis
136 2283 242 2327 deductos.
271 2284 298 2327 At
313 2287 369 2340 quod
386 2291 443 2329 vates
458 2289 534 2331 finibus
552 2304 595 2333 uon
610 2292 739 2335 circumscri-

55 2356 90 2407 bit,
106 2357 127 2396 id
141 2357 299 2412 interpretemur
313 2360 357 2401 sine
371 2363 501 2404 restrictione
516 2364 559 2405 ulla
568 2366 593 2406 de
603 2369 738 2420 contumeliis,

56 2443 106 2483 quas
125 2432 198 2485 populi
218 2433 286 2475 securi
305 2438 377 2476 contra
391 2436 493 2478 Israelitas
512 2439 567 2480 haud
585 2454 632 2481 raro
651 2441 750 2483 afflictos

1 2511 6 2534 ’ἑ
56 2503 174 2556 saepissime
188 2508 283 2559 profecto
297 2510 434 2562 protulerunt.
461 2512 620 2555 Restrictionem
634 2515 738 2567 posterio-

1 2590 5 2616 5
55 2576 83 2617 ris
98 2578 196 2630 temporis
212 2582 324 2624 rationibus
339 2585 453 2638 adaptatam
469 2585 503 2627 dat
517 2587 592 2628 1111011,
601 2588 668 2634 XXV.
681 2588 700 2629 3,
710 2612 736 2621 -

56 2660 102 2691 'inm
121 2665 166 2692 cum
184 2655 287 2697 veteribus
309 2661 329 2698 11
342 2659 426 2699 1111111110
446 2664 518 2701 contra
535 2662 607 2702 Maur.
627 2675 674 2702 cuni
693 2672 737 2703 *Dra
