1792 3089
304 159 451 196 Puomflonfflm.
628 175 631 179 ·
663 174 718 206 xxm

26 262 156 317 babylonii,
172 265 198 304 de
213 263 287 317 quibus
302 264 327 304 ef.
344 265 451 313 Garamum
465 264 549 315 Eneyel.
558 264 608 305 XVI
613 295 619 314 ,
634 277 654 316 p.
666 265 715 314 103,

41 336 146 385 Wnerum
153 336 244 377 Reallen¹
253 349 270 377 s.
278 350 304 387 ν,
319 335 441 378 Kaotetem
452 336 466 377 l.
477 350 495 378 e.
504 338 529 388 ΙΙ,
544 348 589 389 pag.
598 336 640 376 216
649 349 716 390 sequ„

6 439 8 442 v
33 408 390 463 Hltatgz'umadlesXXIn,13.
423 409 504 450 Omissa
518 413 585 450 autem
601 408 714 451 Chaldaeo-

34 498 80 524 rum
99 482 177 534 origine
196 485 257 535 atque
275 481 360 522 historia
374 482 469 536 antique,
489 482 604 523 Chaldaeos
623 482 714 523 videmus

34 557 89 596 eirca
107 568 176 595 aeram
188 554 339 599 Nabonassaris
354 555 395 595 747
414 555 435 594 in
449 555 584 608 Babyloniam
599 554 715 606 immigrau-
782 608 784 610 ‚

32 633 74 680 tes,
93 627 184 680 Assyriis
203 627 327 668 tributarios.
356 627 468 667 blerodaeh
486 627 586 679 Baladan‚
606 628 666 669 etiam
681 641 714 668 se-

33 702 122 743 cuudum
136 702 234 741 Beronum
249 700 324 742 Euseb.
339 700 415 741 Chron.
424 700 507 742 Armen,
517 700 544 750 Ι,
554 701 588 741 42.
597 701 637 751 43,
655 705 714 752 post-

33 775 70 814 hac
88 773 110 813 in
128 773 242 813 libertatem
262 786 284 813 se
307 772 397 813 vindieat
413 777 474 826 atque
492 772 575 813 Hiskiae
592 773 644 826 petit
664 757 726 813 ami-A

33 846 100 887 citiam
119 846 144 885 of.
159 846 202 886 Jes.
213 844 318 896 XXXIX,
334 848 353 886 1.
383 844 508 886 Sanlreribus
527 849 595 885 autem
612 845 713 895 Belibum,

34 919 69 973 qui
83 919 208 975 lilerodaclro
222 918 330 958 interfecto
346 931 383 958 rex
397 923 480 960 secutus
496 922 535 968 est,
556 918 625 959 denuo
640 918 713 959 ditioni

33 991 189 1041 suae-subiecit,
205 1004 230 1030 ex
246 1005 287 1045 quo
302 984 395 1044 tempore
403 991 493 1044 Assyriis
508 997 651 1032 remanserunt
665 992 714 1032 sub·
790 995 804 999 ‘⁴

32 1064 78 1115 diti,
98 1053 133 1117 qui
150 1063 246 1104 videntur
263 1064 288 1105 iis
306 1064 404 1105 militibus
425 1066 458 1105 usi
477 1077 528 1105 esse.
562 1065 612 1105 Post
632 1068 713 1105 eentum
737 1111 739 1113 ¹

30 1138 74 1177 fere
91 1150 156 1177 anuos
174 1136 338 1189 Nabopolassar‚
357 1137 491 1190 Assyriorum
506 1141 596 1189 satrapa,
618 1138 643 1178 ef.
657 1137 713 1190 Aba·
747 1188 748 1191 Ἴ

30 1210 105 1250 alanum
119 1209 194 1250 Euseb.
209 1207 285 1250 Chron.
294 1208 349 1250 Arm.
359 1211 420 1259 isal
435 1214 455 1251 et
468 1211 568 1251 aerosum
582 1210 637 1262 apud
650 1210 712 1251 Jose-

10 1331 12 1334 Α
31 1284 93 1335 pirum
112 1295 130 1322 e.
145 1281 220 1333 Apion.
231 1282 250 1332 Ι,
268 1282 306 1332 19,
327 1281 450 1323 coniunctus
468 1296 515 1323 eum
532 1283 641 1325 Medorum
662 1296 711 1336 rege

31 1354 158 1407 Babyloniae
169 1366 239 1406 regem
256 1366 278 1394 se
292 1355 398 1394 coustituit
409 1354 498 1395 liberum
513 1369 530 1396 o.
546 1342 599 1406 625,
610 1358 713 1407 expugnat

29 1427 119 1468 Niniven
136 1439 178 1467 una
196 1440 242 1466 eum
263 1413 367 1479 Cyaxare,
385 1427 487 1482 traditque
501 1440 588 1480 regnum
602 1423 727 1474 Nebuead2

28 1500 108 1549 nezari‚
132 1499 190 1540 euius
209 1512 272 1552 supra
289 1499 392 1541 attulimus
412 1500 554 1553 expeditiones
573 1499 595 1540 in
613 1500 716 1550 Palaesti÷

29 1587 76 1613 nam
97 1572 186 1613 crebras.
223 1573 249 1613 Et
272 1573 346 1613 horum
367 1572 449 1626 quidem
472 1573 621 1614 Chaldaeorum
639 1586 712 1632 >regem

29 1646 127 1687 Israelitis
145 1658 225 1698 poenae
245 1645 324 1685 divinae
343 1647 388 1686 sore
402 1646 517 1699 ministrum
531 1633 627 1687 Habaeuc
641 1646 712 1686 vatici·
768 1633 772 1640 ⁵

29 1724 89 1759 natus
105 1725 149 1759 erat
163 1719 217 1759 eirea
232 1731 307 1759 aunum
321 1718 391 1759 Josiae
406 1719 507 1760 decimum
521 1719 613 1769 tertium,
629 1719 654 1760 ei.
669 1720 711 1759 De-

30 1792 144 1832 titarclu'nm
159 1791 224 1843 (iiber
238 1791 407 1845 Abfassuugszeit
425 1792 462 1832 der
476 1792 586 1845 Proplretie
600 1792 711 1833 Habakuks

30 1865 51 1904 in
65 1864 196 1905 Rudelbaehs
212 1865 375 1910 Zeitschriftfiir
392 1864 424 1904 die
441 1864 514 1905 lutlrer.
524 1865 594 1917 Tlreol.
605 1866 667 1914 1842,
683 1866 709 1916 Ι),

27 1938 116 1981 eundem
133 1937 236 1989 Zephania
253 1939 333 1977 hostem
351 1937 433 1988 indicat.
465 1936 546 1976 Etenim
561 1938 617 1989 quod
635 1938 709 1978 obiiei-
785 1964 787 1969 -

26 2013 67 2060 tur,
83 2009 233 2050 Chaldaeorum
247 2022 316 2062 regem
330 2009 377 2049 inde
391 2008 417 2049 ab
430 2022 484 2049 anuo
498 2009 540 2050 606
553 2009 635 2051 demum
643 2012 710 2052 lsrae-
756 2038 758 2041 -

26 2082 67 2123 litis
83 2082 188 2123 imminere
202 2086 264 2135 atque
279 2082 393 2136 Zephaniae
408 2096 450 2123 non
465 2096 528 2135 posse
544 2082 661 2134 obversari,
676 2083 710 2132 ifa-

27 2155 66 2195 eile
85 2154 186 2206 reiieitur,
210 2143 274 2210 quum
293 2156 404 2208 populum,
428 2155 464 2210 qui
481 2169 560 2208 paucos
578 2160 627 2209 post
644 2168 710 2200 annos
727 2207 728 2210 Ἴ

26 2227 117 2267 Niniven
133 2227 198 2268 ualuit
215 2240 344 2281 expugnare,
367 2229 455 2282 Aegypti
474 2242 544 2281 regem
562 2228 710 2270 validissimum

27 2301 122 2349 vincere,
150 2301 275 2342 fortitudinis
297 2305 358 2356 atque
383 2302 464 2343 virtutis
487 2302 599 2356 specimina
621 2302 710 2344 edidisse

27 2369 144 2428 oporluerit
158 2375 211 2426 talia,
227 2388 279 2429 quae
293 2376 405 2428 potentiam
414 2375 528 2416 indicarent
539 2377 633 2426 futuram,
649 2389 710 2428 quam

11 2447 92 2488 ,fusius
108 2448 197 2500 explieat
211 2448 339 2500 Sctlaperus,
354 2448 484 2500 Wiirdigung
503 2448 540 2488 der
555 2448 659 2488 Einwiirfe
674 2461 710 2500 ge·
752 2469 755 2474 r
790 2447 793 2453 '

26 2534 66 2574 gen
81 2521 282 2572 lelell-XIV,
298 2521 335 2572 23,
354 2534 400 2575 pag.
409 2521 451 2562 315
466 2534 524 2576 sequ.
559 2521 660 2562 Vaticinia
673 2535 710 2562 au·
749 2579 751 2581 Ι

15 2599 68 2635 ⁴tem
85 2596 231 2651 prophetarum
248 2607 291 2650 nou
306 2596 369 2637 fuisse
383 2595 450 2646 irrita,
472 2595 619 2646 demonstravit
636 2595 710 2638 Hiero-

28 2667 156 2719 solymorum
171 2669 251 2711 eversio
266 2668 505 2736 populiquecaptivitas.
