1792 3089
375 141 418 177 aaa.
427 141 461 184 m,
474 155 490 176 v.
503 140 530 183 tu
556 125 559 128 ’
753 143 795 199 147

109 246 205 298 profecto
224 258 267 287 non
284 245 314 297 id,
335 246 392 300 quod
406 246 451 287 fieri
465 246 575 299 inceperit,
594 244 631 285 sed
646 244 707 298 quodr
717 244 794 286 factum

25 306 36 356 l
111 319 137 360 sit
155 320 266 367 indicetne
286 318 343 372 quod
358 323 485 373 quantopere
505 319 567 360 oculo
582 317 633 358 vatis
648 329 691 358 non
706 322 792 369 externo
820 304 823 308 ⁵

28 395 39 456 ⁵}
110 391 254 444 conspiciatur,
269 392 306 432 sed
320 391 408 442 interno,
424 393 550 433 demonstrat
563 391 654 431 additum
668 401 723 435 nram
738 400 790 443 urin,

109 464 163 504 haud
181 463 240 504 aliter
257 477 281 504 ac
296 464 317 504 in
331 464 398 517 primo
418 469 479 519 atque
497 465 559 506 tertio
573 465 614 504 hcc
628 463 694 516 capite
708 476 790 517 semper

30 527 36 589 {j
110 537 186 578 dictum
196 535 226 577 'de
239 541 333 590 tempore
350 537 472 580 visitationis
490 537 570 579 divinae
587 537 666 587 futuro,
685 550 790 590 nunquam

110 611 135 650 de
149 614 262 662 praesente.
286 609 313 650 At
327 623 377 651 vero
392 611 409 652 si
419 610 618 664 Httat'ga'isententia
629 609 713 660 valeret,
727 613 789 664 atque

26 699 29 736 j
109 682 231 735 supplicium
247 683 336 723 divinum
351 684 429 733 I-Hl,
444 684 470 724 13
485 684 612 737 praedictum
626 695 669 724 non
680 682 788 733 evenisset,

109 754 158 808 quid
176 754 215 795 sibi
233 753 310 795 vellent
329 754 402 806 captivi
416 768 436 796 v.
446 755 537 796 18-20
552 755 674 806 reducendi,
693 755 728 809 qui
745 768 789 796 non

31 835 33 847 ¹
108 827 176 867 forent
190 827 281 867 deductil
303 827 416 867 Universae
427 832 494 868 autem
502 842 546 869 nou
552 828 615 869 modo
624 827 739 881 Zephaniae
751 828 790 868 sed

26 907 28 930 ἐ
107 900 253 953 prophetarum
261 899 325 940 indoli
336 904 442 954 repugnat,
459 901 515 954 quod
524 914 542 941 v.
553 900 644 941 14-17
652 904 711 953 putat
722 904 788 940 vatem

108 973 133 1013 ab
149 972 205 1013 omni
223 973 300 1025 gloriae
315 985 364 1013 suae
383 975 487 1027 augendae
506 973 574 1015 studio
593 978 704 1024 remotum,
723 973 788 1015 minas

109 1059 156 1087 suas
168 1046 287 1098 praedicare
302 1050 375 1086 eventu
389 1059 431 1086 non
447 1046 600 1100 comprobatas;
616 1046 719 1098 Zephania
734 1046 788 1086 euim

109 1118 136 1158 ita
151 1119 275 1169 cohortatur,
290 1123 313 1159 ut
327 1123 423 1171 appareat
438 1123 457 1160 et
467 1124 593 1173 quantopere
606 1119 707 1172 supplicio
715 1118 788 1172 populi

26 1201 28 1203 “
108 1191 175 1232 doleat
190 1195 210 1231 et
224 1204 284 1244 quam
298 1192 415 1232 necessario
430 1205 498 1245 poena
511 1193 576 1233 irruat
590 1205 633 1233 non
647 1191 760 1232 retinenda.

152 1264 249 1318 Sequitur
262 1264 324 1317 igitur
337 1264 476 1317 spectaculum
491 1266 561 1306 salutis
571 1265 701 1318 propositum
711 1264 787 1304 adhor-

108 1337 157 1377 tatio
175 1337 201 1377 ad
217 1336 289 1377 laudes
307 1337 346 1377 deo
365 1337 493 1387 tribuendas;
512 1339 540 1379 ita
559 1338 641 1391 quidem
658 1341 681 1377 ut
698 1337 787 1390 primum

108 1413 164 1450 vates
183 1422 260 1450 novum
278 1409 404 1461 reipublicae
422 1415 497 1451 statum
515 1410 628 1463 gratuletur
646 1423 665 1450 v.
681 1408 788 1461 14-17,

109 1482 183 1522 deinde
196 1482 218 1522 id
232 1481 288 1535 quod
303 1495 329 1522 ex
343 1482 422 1523 ratione
437 1483 490 1523 inter
505 1483 565 1523 deum
580 1486 601 1522 et
611 1482 712 1535 populum
724 1483 788 1523 inter-

108 1556 200 1606 cedente,
216 1555 344 1609 quantumvis
358 1556 398 1595 fata
412 1555 472 1596 reniti
484 1555 599 1606 videantur,
614 1555 748 1597 derivandum
755 1554 788 1606 sit,

108 1628 179 1680 paucis
194 1627 314 1681 complexus
328 1628 407 1681 populo
425 1627 515 1669 inculcet
528 1641 547 1668 v.
564 1627 661 1667 18—20.

378 1771 397 1797 v.
413 1758 513 1798 14-17.
534 1751 535 1754 ¹

150 1847 228 1887 Jubilet
237 1845 289 1886 Zion
299 1860 317 1887 v.
325 1848 359 1898 14,
374 1859 421 1886 narn
432 1846 507 1899 triplex
517 1850 548 1887 est
557 1859 619 1887 causa
627 1846 722 1897 laetitiae,
735 1859 787 1900 vsup-

0 1919 2 1934 '
25 1942 28 1944 -
108 1919 170 1973 plicia
188 1920 256 1960 omnia
274 1923 322 1959 sunt
339 1919 449 1972 praeterita
462 1932 482 1960 v.
494 1920 531 1969 15,
551 1923 615 1960 status
629 1919 687 1960 urbis
701 1920 741 1959 iam
756 1923 788 1960 est

84 2021 87 2058 q
108 1993 195 2033 maxime
213 2005 298 2038 securus
316 2005 335 2032 v.
351 1993 388 2043 16,
408 1992 486 2046 eritque
504 1993 526 2032 in
541 1992 585 2034 dies
599 1992 735 2046 praeclarior,
755 1992 789 2033 dei

108 2078 178 2106 amore
192 2065 250 2106 nisus
265 2063 289 2109 vlt
296 2065 329 2105 17.
456 2061 467 2085 l

151 2152 170 2178 v.
186 2139 219 2178 14.
240 2136 312 2176 sabata
320 2137 371 2190 filia
384 2138 447 2186 Zion,
461 2137 608 2191 vociferamini
621 2139 693 2186 [arctet
711 2139 789 2186 laetare

108 2216 129 2251 ct
143 2211 223 2252 aeratae
237 2216 278 2251 toto
294 2211 364 2260 corde,
377 2211 429 2263 filio
442 2211 596 2264 Hierosolyma!
622 2210 731 2253 Marcktos
744 2211 789 2251 alii-

110 2297 150 2337 que
164 2287 236 2336 putant
249 2288 297 2337 post
310 2283 424 2324 nominatas
438 2285 481 2323 v.9
497 2287 517 2323 et
531 2286 558 2325 tt
573 2289 651 2337 gentes,
666 2298 685 2325 v.
696 2285 788 2325 11-13

109 2357 210 2408 ludaeos,
229 2357 268 2397 iam
283 2357 373 2397 omnium
388 2356 514 2397 credentium
530 2362 550 2398 et
563 2359 689 2400 ludaeorum
705 2361 725 2398 et
739 2371 789 2410 geu-

110 2430 160 2470 tium
174 2430 322 2471 multitudinem
337 2430 413 2480 afferri,
429 2430 505 2483 quippe
522 2444 574 2485 quae
589 2433 615 2472 ad
630 2431 737 2472 ecclesiam
751 2443 790 2470 no-

111 2575 190 2636 Jacobo
209 2577 341 2630 spiritualiter
359 2580 429 2617 natum
448 2577 564 2619 constituat.
598 2581 656 2631 Quae
673 2576 747 2617 relatio
765 2576 792 2616 ad

113 2649 163 2690 novi
177 2638 292 2691 testamenti
306 2649 424 2702 ecclesiam,
440 2663 492 2704 quae
507 2651 612 2705 quomodo
626 2650 708 2691 nornine
721 2649 792 2691 Ziouis
