1792 3089
275 117 277 119 ’
335 141 377 176 on.
389 140 453 181 naa,
466 139 481 176 a
708 140 749 182 105

21 245 29 296 I}
70 251 110 291 litis
124 248 238 303 parabitur,
253 246 289 288 ubi
304 246 398 287 omnihus
411 244 500 298 peccatis
515 241 700 296 peccatoribusque
715 255 748 282 ca-

19 306 31 335 *
71 327 129 364 reant
142 337 161 363 v.
172 323 204 372 11,
220 320 260 373 ipsi
273 332 343 360 veram
357 314 451 372 ἐκλογῆς
465 316 556 357 indolem
566 314 673 355 exhibeant
686 329 705 357 v.
714 316 748 367 ¹12,

71 397 158 450 ideoque
174 398 230 436 sorte
238 394 337 443 truantur,
353 386 434 446 ἐκλογῇ
447 390 538 443 propria,
553 388 749 430 maximecontraria

70 469 173 523 praesenti
186 465 311 519 reipublicae
326 464 397 515 statui,
412 477 431 505 v.
443 464 477 503 13.

111 556 130 582 v.
141 542 160 582 8.
189 541 300 592 Propterea
313 542 426 591 eameotate
439 551 478 588 rrae,
491 535 571 576 diction
584 532 681 586 Jetoaae,
696 536 749 577 diem

70 630 108 669 quo
122 627 206 667 surgam
220 613 249 653 cut
257 612 368 665 precedam,
385 624 435 651 raam
454 610 555 650 titillatam
568 622 636 649 meum
650 615 680 650 eat
694 610 749 651 colli-

129 692 208 740 gantas,
224 698 348 738 congregare
361 697 435 736 regnu,
454 682 562 736 ffuradere
581 687 653 723 eontra
666 696 697 724 eos
705 683 749 737 fu-

69 771 136 799 rorem
150 771 227 807 mercen,
243 770 322 798 aaronem
336 757 431 797 ardorem
445 758 488 796 arcte
501 769 567 801 eneam
586 769 635 797 raam
649 758 697 809 agrae
711 757 750 797 aeti

70 833 111 872 ozei
128 836 257 871 eorrrzonetar
281 831 345 870 omma
366 835 427 869 terre.
464 828 504 869 Vel
522 828 608 869 maxime
628 828 750 871 dissentiunt

70 906 191 956 interpretes
210 904 231 943 in
249 903 315 956 prima
332 916 352 943 v.
367 915 420 943 voce
439 898 472 953 ’,35
491 901 617 954 explicanda.
656 902 750 944 Clitorium

71 979 123 1018 enim
138 978 198 1018 deum
213 976 261 1016 dicit
273 976 336 1029 longa
351 961 458 1017 tolerantia
473 979 581 1028 expertum
596 988 618 1016 se
632 975 682 1016 nihil
695 976 750 1028 apud

69 1053 123 1091 hunc
136 1050 236 1104 populum
249 1050 362 1103 proficere,
377 1051 454 1102 rejecta
472 1049 579 1090 clementia
596 1053 639 1090 tam
657 1049 750 1090 doctrina

71 1137 131 1178 quam
145 1123 243 1177 exemplis
257 1123 347 1174 flexura,
366 1136 460 1173 monere,
480 1128 503 1163 nt
519 1135 608 1176 poenam
625 1124 665 1163 lure
682 1136 749 1177 nsque

2 1234 17 1257 »a
69 1197 191 1237 retardatam
215 1200 339 1249 exspectent.
376 1195 403 1237 At
425 1195 471 1236 hnic
497 1195 628 1248 explicationi
648 1201 750 1249 repugnat

69 1270 127 1310 notio
142 1270 199 1310 vocis
215 1280 269 1320 nan,
290 1283 342 1323 quae
359 1270 477 1323 ubicunque
493 1268 566 1309 dicitur
580 1269 605 1309 de
620 1270 659 1310 deo
675 1282 749 1322 exspe-

3 1366 10 1373 „
71 1343 154 1394 mando,
174 1343 347 1395 exspectationem
364 1343 440 1382 indicat
458 1342 545 1382 fiduciae
562 1342 654 1394 plenam,
678 1342 749 1383 salutis

10 1401 12 1404 ’
70 1420 155 1467 ceram,
175 1416 200 1457 cf.
215 1417 249 1457 rs.
262 1416 364 1467 xxxrn,
379 1415 414 1456 no.
436 1415 547 1467 nsvin,
563 1416 596 1456 rr.
618 1416 691 1466 xxx,
712 1416 748 1464 18÷

70 1489 143 1529 deinde
158 1490 215 1543 qnod
229 1490 321 1543 seqnitur
336 1490 378 1529 nt]
394 1499 415 1528 Ὁ
430 1488 562 1529 fundamento
577 1493 638 1529 caret.
662 1487 702 1529 Alii
713 1488 750 1542 igi-

69 1566 103 1603 tur
117 1563 192 1614 (Ham,
208 1562 291 1614 oraio.)
306 1562 480 1614 exspectationem
493 1565 566 1614 putant
583 1562 661 1602 ironice
673 1562 748 1613 juberi,

71 1639 187 1688 exspectate
199 1635 270 1686 modo,
284 1647 327 1674 non
339 1635 436 1674 morabor
448 1634 548 1688 equidem,
564 1648 607 1676 non
621 1635 697 1676 frustra
713 1649 748 1676 ex-

70 1708 189 1761 spectaborl
219 1706 246 1748 At
264 1707 352 1761 primum
374 1707 456 1761 quidem
476 1708 555 1749 ironica
576 1708 611 1749 illa
633 1709 748 1749 cohortatio

68 1782 180 1824 verborum
198 1780 261 1822 nexni
278 1794 321 1822 non
341 1781 445 1833 convenit,
465 1780 538 1822 deinde
557 1795 610 1835 quae
628 1785 749 1837 sequuntur,

69 1869 113 1897 non
126 1855 204 1897 ironice
220 1856 257 1897 sed
274 1868 298 1896 re
314 1868 363 1897 vera
377 1854 475 1896 Israelitis
490 1855 606 1908 exoptanda
621 1860 677 1904 sunt;
693 1857 749 1908 jndi-

4 1934 7 1943 ¹
70 1930 123 1971 cium
142 1930 195 1970 enim
214 1933 285 1970 eontra
304 1932 375 1982 gentes
394 1929 419 1969 iis
438 1941 519 1983 semper
537 1929 623 1981 laetum,
645 1942 750 1984 nunquam

69 2003 208 2056 perniciosum
229 2003 358 2045 describitur.
398 2003 508 2057 Sequimur
529 2004 591 2057 rgitur
611 2001 663 2044 alios
686 2003 750 2045 veluti

70 2076 186 2126 matildam,
205 2077 241 2131 qni
260 2076 355 2118 fidelihus
373 2077 532 2130 promissionem
546 2080 607 2131 atque
619 2077 749 2129 consolatio-

0 2148 3 2155 ’
69 2163 117 2191 nem
130 2150 161 2190 his
175 2150 244 2191 verbis
259 2151 360 2193 contineri
375 2155 495 2206 agnoscunt.
518 2152 565 2202 Qua
578 2151 660 2205 quidem
669 2152 749 2192 ratione

0 2274 6 2278 .,
71 2224 158 2265 eundem
171 2224 308 2266 nanciscimur
322 2225 463 2279 providentiae
478 2224 582 2276 ordinem,
601 2238 662 2278 quem
677 2238 748 2267 omnes

71 2298 182 2351 depingunt
196 2300 315 2352 prophetae.
337 2300 444 2341 Praecedit
453 2299 507 2340 enim
513 2298 614 2350 judicium
624 2301 686 2353 atque
700 2311 749 2352 sup-

0 2358 3 2362 *
69 2372 153 2425 plicium
167 2376 240 2414 contra
253 2373 363 2429 Israelitis,
378 2374 435 2430 qnod
448 2375 490 2415 ul
504 2372 622 2414 necessario
637 2372 749 2427 appropin-

71 2449 178 2499 quaturum
192 2460 238 2488 esse
253 2448 377 2490 ostenderat.
405 2447 502 2500 Quamvis
517 2451 585 2489 autem
598 2447 685 2488 maxima
699 2460 747 2501 pars

69 2519 142 2571 populi
156 2534 168 2559 a
183 2521 221 2562 deo
237 2522 345 2574 defecerit,
359 2527 427 2563 tamen
437 2516 519 2577 ἐκλογή
532 2521 615 2570 residua
629 2521 690 2561 deum
704 2522 749 2562 loe-

71 2592 124 2632 deris
139 2593 172 2633 sui
185 2608 297 2637 memorem
312 2608 357 2637 esse
373 2595 436 2649 cogit,
452 2608 515 2648 quare
531 2596 569 2637 etsi
583 2594 651 2636 omnia
664 2594 749 2635 videan-

70 2669 103 2706 tur
117 2666 196 2718 perdita
214 2681 259 2710 esse
278 2682 345 2724 neque
364 2670 474 2724 quidquam
489 2669 622 2724 sperandum,
642 2668 692 2710 deus
712 2681 748 2710 eos
779 2665 781 2669 ’
