1792 3089
346 167 390 204 car.
402 166 421 211 I,
436 180 452 202 ν,
465 165 496 204 lit
733 171 760 212 21

77 286 123 316 mus
138 273 199 327 igitur
213 270 373 327 pertentatis,
389 275 409 313 et
424 284 467 312 eam
482 272 600 325 depressam
615 271 703 325 quidem,
718 272 773 312 val,

78 348 119 388 lem
136 346 269 401 profundam,
291 344 372 398 qualem
391 344 493 398 duplicem
512 333 682 398 deprehendimus
701 359 762 387 uuam

79 423 135 462 fonte
151 420 209 461 Siloa
222 419 306 459 alteram
321 421 412 459 torrente
427 418 507 460 Kidrou
521 417 632 472 irrigatam.
656 418 767 460 Posterio-⁴

77 508 122 536 rem
138 492 207 536 Chald.
221 493 312 546 praefert
324 498 380 543 timp
390 488 459 534 'minin
472 501 546 544 paam,
562 505 608 533 cum
617 504 642 533 eo
650 493 761 546 Idtar'gr'an,

11 562 13 565 ¹
79 568 116 611 sed
130 569 249 620 argumenta
264 566 308 607 eius
323 577 366 605 non
380 565 475 607 ridentur
490 565 613 607 satisfacere.
642 565 761 608 Auctoritas

79 642 133 683 enim
142 639 239 681 Chaldaei
253 639 304 690 sola,
320 639 374 679 haud
388 651 436 679 raro
445 639 578 692 interpretem
587 639 703 692 seductum,
718 654 762 682 non

77 715 141 763 valet3
164 716 185 755 et
199 712 256 767 quod
274 713 300 753 ad
317 712 392 754 vallem
406 708 487 753 Kidron
500 715 636 765 mercatores,
654 714 762 756 maximam

77 791 157 842 partem
175 786 232 840 ipsos
248 785 370 827 Canaanitas
386 786 456 838 (Saeh.
467 782 528 836 XIV,
542 784 580 837 21)
598 787 689 828 habitare
705 791 763 828 extra

79 861 152 903 urbem
168 864 235 914 putat,
254 860 328 913 partim
342 860 393 901 lalsa
408 858 566 900 Oanaanitarum
581 859 716 913 explicatione
731 862 761 901 ni-

79 935 135 987 titur,
150 934 224 988 partim
237 933 368 988 coruprohari
382 933 459 987 nequit.
482 931 613 987 Relinquitur
626 933 689 986 igitur
702 933 762 975 vallis

79 1009 141 1050 fontis
156 1008 225 1049 Siloae
244 1008 352 1059 (Harma)
370 1007 404 1048 vel
421 1006 494 1047 melius
513 1019 537 1046 ea
554 1006 614 1047 huius
632 1006 692 1048 vallis
707 1021 762 1061 pars,

79 1094 131 1136 quae
145 1081 167 1121 in
181 1081 232 1122 urbe
247 1081 292 1135 ipsa
305 1082 358 1122 inter
373 1080 502 1134 superiorem
517 1083 538 1120 et
546 1079 664 1121 inferiorem
671 1080 709 1122 sita
718 1082 762 1125 fuit

80 1168 140 1209 quam
153 1154 234 1207 Josapt.
251 1154 300 1196 bell.
315 1155 362 1195 dud.
377 1153 407 1204 V,
422 1153 474 1205 4,1
495 1153 553 1193 affert
571 1146 678 1208 φάραγγα
695 1165 762 1209 anpo-

79 1225 161 1279 ποιῶν,
180 1228 216 1269 ubi
233 1232 359 1269 mercatores
377 1226 479 1268 habitasse
498 1240 545 1267 cum
562 1226 645 1267 nomine
662 1230 706 1268 tum
719 1228 762 1269 loci

42 1353 46 1358 Ι
80 1302 232 1355 opportunitate
252 1302 372 1353 conjectura
390 1300 524 1354 assequimur.
554 1299 592 1340 Est
608 1299 660 1340 haee
677 1314 725 1353 pars
741 1302 762 1342 iu

80 1375 218 1428 descriptione
231 1388 251 1416 v.
261 1375 288 1415 10
303 1387 390 1427 prorsus
403 1373 484 1423 omissa,
497 1372 540 1423 jam
551 1384 607 1413 notro
617 1373 722 1415 nominato
731 1375 762 1415 in-

80 1447 182 1500 colarum,
202 1447 316 1489 eorundem
329 1451 462 1501 peccatorum
476 1443 548 1500 generi
561 1445 643 1487 vocatio
658 1447 685 1506 ad
699 1447 763 1500 ejula-

81 1525 124 1563 tum
139 1521 241 1572 convenit,
254 1522 296 1573 jam
312 1534 373 1563 causa
385 1519 440 1560 exitii
449 1519 480 1560 his
489 1523 628 1560 consentanea
636 1519 681 1561 aliis
691 1520 763 1563 aliena.

80 1595 186 1648 Ifflsighn
193 1608 239 1636 cum
247 1593 371 1635 Baclaltorm'o
380 1597 400 1634 et
408 1594 432 1634 P.
440 1592 524 1633 Eraaldo
533 1595 625 1634 statuunt
633 1593 694 1636 simul
701 1608 764 1648 paro-

80 1667 193 1709 nomasiam
200 1668 305 1730 :quandam
315 1668 341 1708 ad
352 1667 414 1717 niipo
423 1667 459 1709 ie,
467 1665 617 1718 Hierosolyma,
632 1666 653 1708 id
661 1668 718 1721 quod
725 1680 764 1709 no-

83 1756 124 1793 stra
134 1766 216 1807 queque
224 1755 289 1793 aetate
302 1752 385 1794 obvium
396 1751 417 1791 in
425 1750 542 1792 nouriuibus
558 1737 634 1793 &Ovili
655 1759 707 1796 υἱέ
730 1754 765 1794 vel
805 1790 807 1793 .

61 1821 64 1825 ¹
81 1820 179 1885 waldi]
192 1838 220 1878 ita
234 1840 256 1878 ut
270 1836 317 1878 urbi
331 1839 412 1879 sanctae
428 1838 545 1888 opponatur
561 1836 715 1888 contundenda,
731 1839 765 1879 cui

81 1911 199 1963 sententiae,
215 1911 311 1966 quamvis
321 1909 382 1962 m'iprr
397 1909 534 1962 inscriptura
549 1922 607 1950 sacra
621 1922 664 1950 non
679 1910 704 1952 de
711 1911 764 1952 urbe

81 1985 118 2026 sed
133 1985 158 2025 de
172 1985 249 2038 templo
265 1985 349 2034 dicatur,
364 1987 432 2023 tamen
447 1996 510 2035 quum
518 1982 617 2036 templum
627 1983 701 2025 avalle
709 1985 765 2026 haud

82 2058 110 2098 ita
124 2061 225 2098 remotum
240 2058 271 2110 sit,
288 2056 402 2109 Zephaniae
417 2055 499 2096 dicendi
513 2070 578 2111 genus
593 2058 675 2098 videtur
689 2059 765 2100 lavere.

81 2131 141 2172 Haud
158 2131 219 2172 dubie
233 2134 290 2172 vates
310 2129 393 2170 nomine
408 2129 454 2182 ipso
470 2134 548 2171 sortem
562 2135 700 2173 mercatorum
713 2133 767 2174 iudi-

82 2208 123 2257 cat,
143 2208 166 2245 ut
179 2204 236 2246 velut
250 2204 271 2244 in
285 2203 384 2245 mortario
400 2204 563 2257 contundantur,
579 2219 667 2259 prorsus
682 2206 766 2248 delean-

80 2283 120 2320 tur.
140 2299 168 2306 -
198 2288 257 2320 nora
281 2288 322 2317 mm
337 2290 381 2319 non
396 2282 427 2319 est
441 2278 528 2319 similem
543 2291 589 2320 esse
603 2278 666 2330 LXX,
688 2278 765 2332 chata,

82 2353 119 2394 sed
133 2353 201 2404 silere,
215 2351 271 2393 unde
285 2351 340 2405 niph.
350 2356 438 2404 praeter.
451 2352 505 2393 sicut
519 2363 560 2393 nur
577 2356 608 2394 est
622 2353 648 2393 ad
663 2353 767 2396 silentium

80 2427 155 2480 redigi,
171 2425 279 2480 exstirpari
294 2425 319 2466 cl.
331 2425 405 2477 Ohadj.
416 2428 435 2467 5.
449 2448 476 2457 -
496 2435 543 2476 prr:
559 2436 589 2468 nv
602 2428 709 2481 Hitmga'as
721 2427 767 2470 vult

82 2500 203 2552 Canaanitas
212 2501 276 2554 ipsos,
292 2499 329 2540 sed
339 2499 364 2540 de
373 2499 448 2541 exteris
457 2512 546 2554 sequens
556 2500 637 2542 demum
647 2504 708 2555 caput
718 2503 765 2555 agit.

81 2573 177 2627 Plerique
202 2574 265 2627 igitur
289 2573 411 2627 interpretes
437 2577 520 2621 vertunt
546 2578 682 2616 mercatorem
707 2575 765 2615 Grot-

83 2648 153 2688 (ἔρσενι,
171 2646 234 2689 Galla.
264 2646 292 2688 At
306 2661 379 2690 vocem
394 2658 440 2700 wan
455 2662 542 2703 prorsus
557 2648 579 2689 in
593 2649 698 2689 notionem
710 2637 775 2688 mer-3

85 2720 159 2762 catoris
175 2720 238 2774 abire
254 2721 353 2776 exemplis
368 2713 433 2765 allatis
448 2736 491 2766 uon
507 2722 604 2772 efficitur3
620 2721 694 2763 etenim
702 2735 766 2776 quum
