1792 3089
309 746 516 803 Cllllll.

71 967 208 1052 Zeplraniae
222 997 317 1039 vaticinia
331 999 353 1039 in
368 998 418 1040 duas
428 998 516 1040 vidimus
530 997 639 1039 dividenda
652 1011 697 1040 esse
707 1012 755 1052 par-

72 1077 110 1125 tes,
126 1085 212 1127 quarum
226 1071 290 1113 altera
300 1070 350 1125 Cap.
362 1073 372 1113 I
387 1076 407 1113 et
420 1073 449 1125 ll,
468 1071 532 1113 altera
541 1071 592 1125 Cap.
605 1071 640 1113 111.
656 1072 754 1114 continet.

6 1191 8 1194 ,
72 1147 132 1188 Prior
150 1146 185 1186 illa
203 1159 251 1199 pars
266 1146 340 1187 iterum
357 1146 379 1187 iu
394 1147 444 1187 duas
458 1150 528 1200 partes
543 1146 594 1195 abia
614 1146 686 1200 incipit
701 1147 755 1188 eninr

73 1220 238 1276 promulgatione
257 1220 352 1274 supplicii
371 1220 452 1274 culpam
469 1220 542 1274 populi
558 1221 676 1261 necessario
695 1234 755 1262 seen-

73 1296 115 1337 turi
129 1296 151 1336 in
167 1308 198 1348 cp<
208 1295 223 1345 I,
240 1298 300 1348 atque
315 1294 430 1336 absolvitur
441 1295 580 1336 admonitione
590 1298 610 1335 et
618 1294 755 1347 promissione

73 1370 95 1410 in
109 1384 140 1423 op.
152 1369 177 1410 Il.
195 1368 286 1409 Primum
298 1373 365 1409 autem
378 1371 438 1422 capnt
448 1373 497 1421 post
507 1368 663 1422 inscriptionem
671 1368 693 1408 in
708 1382 727 1409 v.
736 1370 755 1421 ¹1,

72 1443 173 1496 judicium
188 1442 227 1482 Dei
241 1441 358 1487 universale
372 1444 492 1496 pronuntiat
506 1443 550 1484 u2
566 1446 586 1483 et
598 1443 622 1495 3,
641 1442 715 1484 deinde
731 1443 757 1484 ad

76 1517 187 1571 specialem
201 1516 327 1558 ludaeorum
341 1529 430 1571 poenam
443 1516 517 1558 transit
530 1530 550 1558 v.
562 1515 647 1558 4-18.

388 1662 407 1690 v.
426 1648 445 1689 1.

122 1737 209 1781 Variana
217 1738 308 1790 seleuce,
316 1737 463 1793 pumtfimtam
473 1744 502 1779 est
510 1738 539 1781 act
545 1739 678 1793 capuanam,
684 1740 757 1793 filiam

19 1852 21 1856 .
79 1812 164 1864 macta,
174 1812 331 1866 fittichalc'ae,
340 1813 388 1866 flat
398 1812 503 1863 Arrianae,
512 1812 559 1866 fiat
571 1812 662 1863 Hirtiae,
678 1813 701 1855 ia
715 1814 757 1855 1111-

78 1885 113 1927 tua
127 1888 203 1940 Jou'ac,
216 1887 263 1940 fiat
276 1886 370 1937 Alazona,
389 1887 443 1939 reg-a
457 1886 529 1928 sactae.
558 1886 667 1939 Inscriptio
686 1887 757 1928 vatici-

76 1962 159 2003 niorum
172 1961 269 2014 vulgaris,
284 1972 328 2002 non
342 1959 447 2001 hominum
462 1959 525 2010 effata,
541 1959 578 1999 sed
590 1959 623 2000 dei
633 1960 697 2018 verba
707 1974 757 2014 pro-

76 2035 125 2076 ferri
140 2036 268 2087 annuntiaus,
283 2038 356 2089 utpote
370 2046 422 2088 quae
437 2032 573 2087 scriptoribus
586 2034 649 2076 sacris
660 2037 701 2076 tam
708 2036 759 2077 noti

77 2123 137 2164 qnam
155 2109 231 2151 veteris
249 2108 365 2150 testamenti
383 2107 457 2149 summi
471 2107 498 2150 sit
511 2108 619 2161 momenti,
637 2122 681 2151 non
695 2110 763 2152 modo

77 2197 129 2238 quae
143 2183 183 2225 illis
198 2183 306 2225 tribuenda
326 2184 352 2225 sit
368 2183 490 2235 auctoritas,
509 2196 582 2225 verum
597 2183 657 2224 etiam
671 2197 712 2238 qua
725 2197 759 2225 ra-

76 2257 133 2299 tione
145 2257 231 2312 intelligi
240 2258 303 2300 velint
310 2262 371 2312 atque
382 2257 485 2312 explicari,
501 2260 592 2298 testatur.
616 2258 697 2300 Etenim
707 2273 759 2316 quae

8 2360 42 2376 1,,
57 2332 130 2392 „deus
146 2332 224 2383 effatur,
240 2346 311 2374 eorum
326 2332 464 2386 cognitionem
478 2344 547 2373 veram
563 2331 613 2372 deus
627 2333 712 2386 praebet
724 2347 760 2376 so-

1 2445 3 2450 ,
69 2405 121 2518 ,lum
142 2419 205 2460 quare
221 2407 256 2461 qui
274 2407 316 2449 suis
331 2410 409 2448 tantum
424 2406 503 2449 viribus
518 2406 582 2447 fretus
598 2405 631 2446 dei
645 2407 709 2449 verba
724 2421 760 2449 ex-

57 2467 61 2535 1
80 2480 157 2533 plicare
172 2481 255 2532 audeat,
270 2481 287 2522 is
303 2494 355 2535 quae
369 2480 529 2534 profundissima
543 2480 634 2523 revelata
648 2486 702 2534 suut,
717 2482 760 2536 pri-

12 2677 13 2681 ,
50 2624 52 2647 ⁵
78 2628 215 2682 Inscriptione
226 2629 287 2683 igitur
295 2629 340 2683 ipsa
351 2642 395 2670 non
407 2630 446 2671 nisi
453 2629 466 2670 J
468 2631 544 2672 ehovae
553 2629 627 2683 spiritu
634 2630 760 2671 illuminante

22 2552 23 2555 ’
51 2549 170 2762 ,moribus
185 2559 263 2596 tantum
276 2554 340 2595 labris
355 2554 456 2607 gustando
476 2568 554 2608 poenas
573 2555 680 2609 persolvet
685 2557 759 2608 justas.

79 2707 140 2758 atque
155 2702 242 2744 ducente
254 2703 345 2745 Jehovae
360 2703 424 2746 verba
434 2703 566 2757 intelligenda
578 2717 623 2745 esse
636 2704 739 2747 docemur.

614 2770 624 2813 1
