1792 3089
151 140 211 169 xxxn
431 127 576 163 Phorneonnrh.

152 234 199 270 suut
208 228 313 281 Lattara,-
322 231 357 284 qui
367 230 451 272 brevem
461 236 539 273 tautum
553 231 586 272 dat
601 230 767 285 explicationem3
785 230 830 273 cal-

151 303 205 352 olm',
224 293 259 356 qui
278 303 409 356 explicationi
426 305 553 358 theologicae
571 309 631 357 atque
649 304 750 356 practicae
768 303 830 343 uber-

152 375 222 415 rimam
241 377 377 428 experientiae
396 377 516 418 christianae
530 378 647 418 thesaurum
665 377 754 417 fodinam
771 388 831 428 prae-

153 449 188 488 bet
203 449 325 489 ditissimam.
354 449 468 489 Prudenter
486 455 547 503 atque
562 463 600 502 pro
615 449 670 490 illius
685 448 783 501 temporis
799 461 832 488 ra-

153 521 209 561 tione
231 521 311 573 egregie
333 521 477 573 iuterpretatur
498 523 618 562 Turnonem.
653 521 746 564 Cocceius
765 526 832 562 autem

153 580 238 634 revocat
254 594 442 646 inerpretationem
456 595 511 635 illam
526 595 666 647 allegoricam,
687 608 738 648 quae
754 595 833 647 Zepha-

155 667 208 706 uiam
222 667 270 706 facit
284 667 434 707 accuratissime
444 667 520 707 Christi
534 667 693 708 incarnationem
708 671 769 720 atque
780 679 833 719 opus

154 739 297 780 mediatorium
307 740 432 792 praedicere,
448 741 539 794 quamvis
548 739 696 780 Luclouicusdc
704 741 765 789 Dian,
782 739 834 779 Gro-
876 746 878 748 '

156 814 197 852 tiras
210 817 230 852 et.
238 812 272 865 qni
280 817 353 865 postea
365 813 384 853 ei
391 812 529 866 adiunguntur
536 814 558 852 ia
568 811 648 853 Crataeis
655 814 718 851 sacris
732 810 834 860 Varamos,

155 886 244 925 Dromos
259 885 415 937 explicationem
426 885 574 938 grammaticam
586 889 646 937 atque
656 884 774 925 historicam
784 896 834 936 pro-

155 958 263 998 moverint.
285 957 389 999 Cocceium
396 958 457 1011 igitur
466 958 540 998 refutat
546 956 637 999 Joamzes
644 957 758 1006 Marcidus,
767 955 835 996 omnia

157 1043 209 1083 quae
216 1034 263 1070 ante
272 1031 339 1082 ipsum
347 1031 368 1070 in
374 1030 517 1071 vaticiniorum
527 1031 676 1070 enarrationem
682 1028 762 1082 prolata
770 1033 834 1079 erant,

157 1102 260 1155 diligentia
268 1103 349 1154 egregia
357 1101 483 1154 complexus.
503 1104 603 1143 Ternarii
609 1102 719 1142 sententias
725 1101 790 1141 fusius
799 1115 834 1141 ex-

156 1175 218 1227 plicat
225 1178 286 1228 atque
294 1174 382 1227 applicat
388 1173 480 1216 Joauoar
488 1174 609 1215 achinaam.
634 1175 728 1215 Grotium
740 1186 801 1226 saepe
810 1173 836 1214 li-

157 1253 212 1288 terae
227 1252 305 1288 tantum
319 1247 458 1287 inhaerentem
471 1247 576 1301 impugnat
592 1247 689 1297 Calculus,
704 1246 771 1286 victor
782 1247 836 1286 hand

158 1335 211 1362 raro.
236 1322 330 1371 Quorum
345 1332 371 1359 ex
385 1320 490 1361 sententiis
506 1320 582 1373 optima
596 1332 689 1373 quaeque
702 1319 763 1372 eligit,
777 1319 837 1359 loco-

158 1390 836 1445 rumparallelorumcollectionemegregiamadditJoanucrHem·.

159 1466 277 1513 Michaeam
289 1464 405 1518 quodidem
414 1465 491 1517 appetii
497 1465 606 1525 Calamina.
625 1464 789 1517 Applicationem
795 1478 837 1505 ma-

159 1539 189 1590 gis
206 1551 266 1593 quam
280 1537 437 1592 explicationem
451 1537 535 1590 praebet
549 1537 580 1578 Jo.
591 1538 643 1577 Ara.
653 1538 745 1578 haltona
758 1538 837 1579 dissert.

160 1611 265 1664 exegetica
278 1609 426 1663 praeliminaris
441 1610 462 1650 in
475 1609 603 1663 prophetiam
614 1609 728 1661 Zephaniae
743 1611 797 1662 Traj.
813 1611 839 1651 ad

160 1683 230 1725 Viadr.
239 1684 294 1723 1719
309 1696 355 1722 cum
365 1682 517 1735 prolegomenis
530 1682 600 1735 capitis
608 1682 668 1735 primi
675 1683 840 1736 explanationem

160 1756 278 1796 uberiorem
293 1755 406 1796 continens.
427 1756 504 1795 Borkc‘i
512 1768 602 1808 gnomon
613 1754 634 1794 iu
643 1757 716 1808 proph.
727 1757 775 1796 min.
784 1757 840 1797 1753

161 1828 253 1883 quamuis
262 1828 359 1880 nangeio
364 1840 449 1868 acumen
457 1841 500 1868 non
510 1827 571 1878 oleat,
582 1831 650 1868 tamen
658 1829 721 1869 nexui
731 1828 840 1870 sententia-

160 1916 206 1943 rnm
213 1901 329 1954 indagando
340 1914 424 1954 operam
433 1900 466 1940 dat
472 1901 526 1941 hand
533 1900 616 1940 irritam.
639 1901 719 1942 Deinde
728 1900 840 1943 Car5Fra'd.

163 1975 257 2016 Cremera
270 1973 426 2014 commentarius
441 1972 516 2025 legitur
531 1973 552 2012 in
562 1972 626 2013 libro:
642 1973 761 2026 Scythische
770 1974 841 2013 Deuk-

162 2047 227 2087 m'aler-
241 2047 262 2086 in
276 2046 384 2097 Palaistine,
400 2045 439 2085 Kil.
455 2049 475 2084 et
485 2044 556 2085 Hamb.
573 2047 638 2095 1777:
653 2047 720 2087 minus
735 2047 841 2087 vaticinio-

162 2134 207 2161 rum
223 2119 358 2172 explicatione
372 2131 433 2172 quam
447 2118 547 2158 sententia
561 2118 585 2159 de
594 2119 715 2171 Scytharum
722 2120 841 2161 incursione

162 2206 225 2246 snpra
239 2193 341 2246 disputata
355 2191 446 2244 insignis.
468 2189 610 2232 Nominandus
618 2196 695 2232 tantum
705 2197 742 2245 est,
756 2206 783 2233 ne
791 2194 842 2233 omi-

163 2268 215 2308 sisse
230 2279 276 2307 eum
291 2265 499 2307 videamurBaucrar
514 2268 533 2304 et
547 2264 568 2303 iu
579 2263 643 2305 libro:
660 2265 692 2305 die
700 2264 782 2306 kleiuen
790 2267 842 2306 Pro-

163 2341 237 2392 pheten
252 2338 307 2380 1790
323 2342 343 2378 et
357 2338 378 2378 in
393 2336 476 2378 scholiis
491 2337 513 2377 in
523 2338 574 2379 V.T
589 2337 680 2378 Sedetani
693 2339 718 2378 ab
732 2339 778 2391 ipso
794 2353 843 2380 con·
858 2373 862 2387 f
891 2350 894 2382 ῑ,

892 2384 894 2408 <

162 2411 251 2452 tinnatis.
280 2411 360 2451 Deinde
377 2409 422 2453 Car.
439 2409 526 2463 Theoph.
541 2410 644 2451 Antonius
659 2410 727 2463 Caput
739 2412 768 2451 lll
782 2412 844 2453 vertit
856 2413 864 2468 ξΥ
893 2434 895 2450 i

164 2496 280 2537 novamque
297 2484 396 2536 proponit
413 2498 432 2525 v.
448 2484 475 2524 18
494 2483 611 2535 exponendi
628 2483 739 2536 rationem,
758 2476 862 2524 (lorlicii¹

165 2556 231 2608 1811,
251 2568 302 2609 quae
318 2556 409 2610 quamvis
427 2557 449 2609 in
463 2556 581 2597 universum
600 2555 659 2596 nimis
675 2555 794 2609 artificiosa,
814 2559 862 2612 lap

166 2643 212 2670 men
227 2629 281 2671 hand
296 2632 327 2670 est
341 2628 461 2682 spernenda.
