1792 3089
140 157 181 196 132
380 152 423 186 cir.
431 151 463 193 Ill,
475 165 490 185 1.
498 151 544 190 18.-
550 151 578 187 20.

140 256 206 298 dentis
220 260 281 307 tenet,
297 269 322 297 eo
337 260 435 309 tempore.
452 279 478 287 -
499 265 557 296 onos
572 266 624 307 *sap
640 255 678 296 crit
693 268 818 309 congregare

138 343 205 371 meum
223 343 273 380 vos,
296 344 356 384 quam
377 328 551 370 constructionem
569 330 674 382 Htttigtna
694 328 747 369 bene
770 328 818 368 dicit

138 403 186 443 inde
205 407 270 444 ortam
290 417 344 453 esse,
365 402 421 456 quod
440 405 496 441 vates
514 402 600 442 formam
615 402 714 455 quaesivit
731 414 816 455 praece·

139 476 195 516 denti
216 488 267 517 aazia
289 476 384 525 similem,
411 479 434 516 111
452 475 530 515 formae
553 475 684 516 similitudine
706 474 818 515 verborum

137 549 220 602 pondus
238 553 353 602 augeretur¹
368 570 396 575 -
411 560 432 588 a:
450 548 508 588 notio
527 548 614 589 causalis
633 549 687 588 haud
705 553 736 589 est
752 547 817 600 negli-
894 538 895 545 ¹

137 623 213 675 geuda,
233 636 295 675 quum
313 621 403 675 populns
418 621 530 661 adducatur
544 625 605 674 atque
621 627 757 674 congregetur
772 633 817 660 eam
866 674 868 677 Α

138 696 165 736 ob
181 708 272 746 causam,
292 699 316 736 ut
330 695 380 735 deus
395 694 416 733 id
431 693 545 747 quodvult
559 698 620 748 atque
636 694 723 735 intendit
737 693 815 747 populo

138 769 232 811 restituto
245 764 601 822 6616661611,-1161161531,
616 781 668 822 quae
682 767 748 821 gloria
761 780 780 807 1.
790 767 817 806 19

139 843 200 884 certis
215 842 337 896 quibusdam
351 840 434 893 populis
448 840 554 880 manifesta
568 842 666 893 apparuit,
682 841 752 881 eadem
762 853 817 880 nunc

139 916 234 957 omnibus
248 921 349 956 terrarum
364 913 420 954 orbis
434 912 517 965 populis
532 918 563 952 est
578 914 699 966 conspicua,
721 913 817 967 quemad-

138 990 222 1030 modum
236 989 258 1028 id
272 988 324 1027 deus
338 988 429 1026 futurum
444 998 490 1026 esse
509 985 631 1038 promiserat
646 987 706 1028 Dent.
715 986 816 1036 XXVlll,

138 1064 172 1103 to.
181 1087 208 1093 -
221 1061 249 1101 At
260 1072 311 1100 vero
326 1073 352 1099 ne
367 1058 470 1099 Israelitae
484 1058 641 1111 obliviscantur,
659 1060 695 1112 qui
706 1060 732 1100 sit
746 1059 816 1099 salutis

137 1135 193 1185 fons,
208 1134 299 1175 Jehovae
316 1131 393 1172 reditus
412 1132 438 1171 ad
453 1130 587 1184 captivitatem
606 1144 678 1173 corum
693 1145 817 1172 commemo-

137 1212 194 1249 ratur
213 1206 351 1247 firmissimum
369 1205 413 1257 spei
424 1205 582 1245 fundamentum.
606 1204 699 1249 nasama
714 1206 815 1246 hocloco

137 1280 184 1321 solo
201 1279 277 1331 legitur
295 1292 341 1319 eum
360 1278 435 1318 suffixo
450 1277 546 1330 pluralis,
567 1290 629 1330 quum
643 1283 749 1330 praeterea
764 1291 816 1319 sem-

136 1367 175 1406 per
189 1352 319 1394 inveniantur
333 1351 407 1392 suffixa
421 1350 539 1403 singularis3
555 1355 634 1391 veteres
645 1351 706 1403 igitur
720 1354 817 1403 putarunt
890 1402 893 1411 Ι

137 1438 184 1467 esse
197 1438 304 1466 numerum
312 1424 414 1476 pluralem
423 1425 532 1464 formatum
545 1437 557 1462 a
570 1421 699 1474 1616111111,
715 1423 773 1464 onius
787 1428 818 1463 ta·
870 1414 895 1478 J?

137 1512 184 1539 men
192 1497 285 1550 exempla
293 1509 336 1536 non
346 1496 468 1545 afferuntur·⁷
484 1501 609 1550 quapropter
618 1497 730 1536 secundnm
737 1497 818 1537 Emoddi
874 1496 878 1531 ἶ
887 1487 890 1513 l

137 1585 220 1624 gramm.
229 1571 276 1610 min.
289 1583 334 1622 pag.
345 1570 386 1610 270
401 1570 507 1610 statuimus
523 1582 569 1609 esse
584 1569 635 1620 sing.
650 1583 697 1609 cum
711 1569 755 1610 suff.
771 1569 817 1622 plu·
839 1576 840 1579 ’
878 1567 892 1599 ··”

137 1644 195 1694 ralis,
215 1643 311 1696 quoniam
329 1643 394 1683 forma
413 1653 473 1686 111-
493 1648 513 1683 61
530 1642 598 1695 quoad
616 1655 689 1682 sonum
709 1647 729 1683 et
749 1644 817 1696 quoad
846 1644 848 1646 ’
883 1672 885 1697 ζ

137 1717 243 1758 notionem
261 1715 361 1756 simillima
381 1720 411 1755 est
428 1715 503 1768 plurali
522 1717 568 1756 fem.
587 1713 617 1759 oi.
636 1740 662 1746 —
685 1717 732 1767 Quo
750 1717 817 1757 minus
854 1717 855 1721 ’
882 1706 885 1753 l

137 1803 236 1843 praesens
249 1802 318 1830 rerum
334 1793 397 1829 status
412 1789 463 1830 vatis
477 1788 610 1842 promissioni
624 1789 684 1839 favet,
700 1803 724 1830 eo
740 1791 817 1830 maiore
864 1793 867 1844 J
883 1786 893 1847 ’11

138 1863 206 1922 studio
226 1876 269 1902 cam
288 1862 387 1912 inculcat,
408 1858 501 1913 omnm,
519 1863 580 1903 Dent.
594 1864 613 1913 Ι,
632 1863 666 1904 30.
694 1865 777 1914 XXIX,
797 1866 816 1915 1,
886 1911 887 1914 Ἴ

137 1941 198 1990 atque
213 1935 297 1988 respicit
310 1935 374 1975 verba
382 1936 462 1976 Jesaiae
471 1936 513 1986 Lll,
529 1936 552 1975 8:
567 1948 614 1974 nam
624 1934 686 1975 oculo
696 1936 722 1975 ad
734 1937 816 1977 oculum
865 1942 871 1988 ’χ

137 2008 235 2050 videbunt
249 2009 331 2061 quando
344 2009 418 2049 redibit
427 2009 505 2049 Jehova
514 2009 610 2059 Zionem3
626 2009 682 2062 quod
694 2009 770 2049 indicat
784 2010 818 2050 dei
872 2034 874 2043 ι
892 2008 895 2032 ³

137 2081 225 2122 reditum
243 2081 393 2133 apertissimum
410 2087 471 2135 atque
489 2082 658 2122 consuetudinem
677 2095 722 2122 cum
737 2082 816 2135 populo
872 2114 873 2117 ,

136 2155 226 2195 intimam
247 2154 272 2193 cf.
286 2155 336 2194 Luc.
350 2156 379 2204 ll,
400 2155 433 2195 30.
465 2155 573 2195 Postremo
587 2155 706 2195 -certissimo
723 2155 818 2196 vaticinia

137 2226 205 2280 sigillo
221 2225 321 2279 obsignat,
337 2237 385 2270 ntur
400 2238 449 2267 naa.
466 2228 546 2268 Jehova
561 2228 620 2278 enim,
636 2242 696 2282 quem
711 2229 817 2269 vaticinio-
875 2241 876 2244 ’

137 2314 183 2342 rum
200 2300 278 2340 fontem
296 2299 383 2341 vidimus
399 2301 417 2350 l,
434 2299 458 2351 1,
478 2299 532 2341 idem
550 2301 567 2342 is
588 2305 659 2342 estex
675 2315 716 2355 quo
732 2305 817 2343 eventus
869 2287 870 2290 Ἴ

138 2373 197 2428 qnasi
210 2372 300 2425 profluit.

179 2447 235 2486 Haec
249 2449 316 2485 autem
331 2444 386 2485 salus
401 2457 478 2485 summa
488 2446 570 2499 quando
586 2447 654 2488 evenit
667 2450 702 2487 aut
713 2460 754 2500 quo
766 2451 817 2489 tem-

137 2532 189 2572 pore
202 2518 294 2559 eveniet?
307 2517 347 2558 Ubi
357 2531 397 2570 pax
411 2518 446 2558 illa
457 2531 561 2573 nunquam
572 2519 659 2570 turbata,
674 2519 709 2559 ubi
721 2521 817 2562 sanctitas
871 2505 875 2553 Ῐ

137 2593 219 2646 piorum
233 2592 337 2645 perfecta?
351 2590 436 2644 lmpleta
445 2592 495 2632 haec
508 2592 587 2633 suntin
600 2591 692 2646 reliquiis
705 2592 752 2644 illis,
765 2607 817 2648 quae

138 2666 196 2708 annis
217 2665 344 2719 septuaginta
358 2665 473 2717 praeteritis
490 2679 552 2719 quum
568 2665 717 2708 Chaldaeorum
732 2680 817 2721 regnum
