1792 3089
342 161 384 196 CAP.
397 161 414 202 Ι,
432 173 448 195 v.
462 158 477 194 7.
725 161 752 205 13

71 266 209 322 quodeunque
228 264 346 319 gratiaeque
364 265 499 307 manifestatio
518 263 584 305 omnis
606 263 695 318 lapidem
717 264 753 305 ad-

69 346 147 395 movet,
169 341 202 382 cui
219 343 268 393 post
285 339 393 382 universae
410 339 508 382 historiae
524 338 633 380 decursum
650 338 753 392 fastigium

70 416 182 469 imponitur
199 414 222 455 in
232 413 312 466 judicio
329 420 431 464 extremo,
451 413 580 455 damnatione
595 416 678 453 aeterna
692 416 753 467 atque

70 489 195 531 heatitudine
210 493 299 530 aeterna.
311 513 337 521 -
349 490 409 530 Diem
423 489 477 530 huno
493 488 570 530 domiui
584 492 641 530 vates
654 487 755 540 prospicit

71 573 128 616 amp,
143 563 289 618 propinquum,
305 563 380 605 etenim
393 563 510 619 propinqua
524 563 562 604 fnit
574 575 635 617 quam
644 559 701 604 Circo.
715 573 754 602 no-

70 637 134 678 minat
150 637 220 678 tubam
237 638 407 692 praeoedeneam,
426 638 544 693 propinqua
562 637 667 691 captivitas
685 636 753 689 Baby-

70 710 148 764 loniea,
164 725 224 766 quam
233 712 388 754 annuntiaturus
395 711 469 764 judicii
479 710 607 765 particularis
615 710 689 753 limites
699 710 754 752 haud
773 717 775 720 ’

72 798 132 826 secus
143 787 292 840 transgreditur
306 801 329 828 ao
345 786 439 829 dominus
454 790 526 828 noster
533 786 604 827 htatth.
612 786 687 826 XXIV
698 785 754 838 judi-

74 859 128 901 eium
146 860 240 902 ultimum
258 860 450 915 Hierosolymorum
469 859 572 902 eversioni
590 859 707 912 adjunctum
726 859 756 901 di-

73 934 100 974 cit
114 934 263 990 propinquum:
284 926 342 990 ἀμὴν
362 931 420 989 λέγω
438 926 502 986 ὑμῖν,
523 925 549 975 od
567 928 598 989 μὴ
619 924 755 989 παρὲλθηῆ

72 1002 137 1062 persei
156 1001 211 1064 αὑτὴ
226 1001 269 1057 (ἕως
284 1000 311 1048 th
326 1000 399 1049 πάντα
414 1005 486 1048 ταῦτα
500 1003 602 1063 peraptum
621 1006 677 1049 haud
695 1020 755 1049 secus

72 1095 96 1123 ae
110 1082 217 1136 apostolos
233 1080 310 1124 domini
324 1083 388 1125 verba
402 1085 512 1137 sequentes
527 1088 589 1137 atque
599 1082 756 1136 Hierosolymo-

73 1169 119 1197 rum
134 1158 262 1199 eversionem
277 1157 400 1209 divinantes,
420 1156 508 1198 reditum
524 1156 600 1197 Christi
615 1156 755 1211 propinquum
783 1174 785 1178 r

75 1235 194 1284 exspectare
208 1233 306 1285 oportuit.
332 1231 359 1271 Et
373 1231 422 1286 quid
436 1231 518 1272 tandem
533 1230 588 1271 aliud
604 1235 676 1272 nostra
690 1233 755 1271 aetate

74 1304 186 1346 nrultorum
199 1305 291 1346 fidelium
305 1304 376 1345 animis
391 1305 502 1357 persuadet
512 1303 589 1345 Christi
600 1304 709 1347 adventum
721 1319 757 1358 ap-

75 1379 226 1434 propinquare,
246 1393 307 1434 quern
325 1378 382 1433 quod
400 1391 475 1420 novam
490 1378 581 1431 'justitiae
596 1379 713 1433 gratiaeque
729 1378 757 1418 di-

75 1452 134 1494 vinae
149 1453 342 1505 manifestationem,
362 1466 440 1494 novam
459 1452 542 1506 spiritus
558 1453 623 1495 saneti
637 1453 758 1494 effusionem

75 1529 236 1581 praesentimus?
256 1527 310 1568 Com
319 1527 382 1580 Zeph.
391 1526 451 1568 etiam
458 1526 500 1568 Jes.
510 1527 591 1579 X111,6
604 1530 624 1568 et
635 1526 709 1579 Obadj.
721 1526 757 1576 15;

76 1602 142 1655 Apoe.
153 1602 216 1654 XVI,
237 1600 265 1643 14
282 1601 347 1643 Joelis
363 1601 416 1641 diem
431 1601 522 1642 Jehovae
536 1601 625 1655 respicit.
636 1600 759 1654 ——Propin-

77 1689 129 1729 quus
146 1680 176 1718 est
197 1675 239 1717 dies
254 1675 354 1727 Jehovae,
375 1688 422 1715 narn
436 1675 516 1728 paravit
531 1676 658 1717 sacrificinm.
684 1675 757 1716 Maur.

76 1750 137 1790 vertit
151 1760 187 1790 nar
201 1750 293 1802 eaedem,
313 1749 439 1804 eandemque
454 1750 560 1791 notionem
575 1749 649 1804 prohat
663 1749 759 1790 Geranios

76 1823 98 1863 in
111 1824 170 1865 Thes.
186 1837 201 1865 s.
217 1838 236 1865 v.
260 1824 303 1865 Sed
318 1837 369 1879 quae
384 1824 495 1865 afferuntur
511 1823 604 1878 exempla
616 1823 652 1864 vix
663 1823 760 1865 videntur

77 1901 126 1938 rata.
148 1898 190 1939 Jes.
203 1898 307 1949 XXXIV,
322 1898 346 1939 δι
367 1911 429 1952 „nam
444 1898 482 1939 erit
495 1898 587 1940 Jehovae
601 1897 723 1939 sacrificinm
738 1896 760 1936 in

77 1972 163 2023 Bosra“,
182 1985 225 2014 non
243 1972 283 2014 uisi
298 1972 323 2013 de
338 1972 438 2013 sacrificio
455 1971 540 2024 eogitari
554 1974 624 2024 potest
639 1975 659 2023 et
673 1973 760 2024 propter

78 2045 226 2097 antecedentia,
247 2059 299 2100 quae
314 2045 339 2085 ad
354 2044 445 2097 singulas
461 2045 609 2087 saorifioiorum
623 2050 692 2100 partes
706 2046 761 2086 refe-

77 2119 142 2159 renda
156 2124 204 2160 suut
218 2123 238 2161 et
251 2123 337 2173 propter
352 2131 441 2174 sequens
457 2130 508 2172 nnn,
524 2133 576 2175 quae
586 2133 643 2162 mera
655 2121 709 2162 foret
717 2123 762 2161 tau-

77 2193 164 2246 tongra
185 2207 210 2235 ex
228 2193 264 2235 illo
282 2193 330 2235 loco
349 2193 391 2235 Jes.
406 2197 478 2236 noster
497 2194 631 2247 derivandus,
652 2199 762 2248 utrumque

79 2268 171 2323 sequitur
185 2269 227 2309 Jer.
238 2268 323 2319 XXVI,
338 2269 365 2308 ‘th
381 2272 401 2309 et
414 2269 489 2310 Ezeoh.
498 2269 608 2309 XXXIX.
623 2268 657 2310 17.
686 2268 762 2309 Nullus

78 2342 140 2395 igitur
159 2346 190 2384 est
204 2343 230 2384 V.
239 2344 262 2383 Τ.
277 2342 347 2393 loeus,
368 2342 403 2396 qui
421 2342 527 2396 propriam
544 2341 673 2384 nraotatiouis
693 2342 763 2383 notio-

70 2429 126 2457 ·nem
140 2416 231 2469 retineat,
248 2429 319 2458 ournes
329 2416 451 2458 sacrificium
461 2415 557 2469 flagitant.
584 2416 712 2459 Sacrificium
727 2430 763 2459 an-

79 2494 120 2531 tem
140 2494 171 2532 est
189 2491 279 2545 populus
299 2490 402 2533 Judaious.
428 2490 510 2533 Etenim
524 2504 588 2545 quum
601 2491 664 2533 Hehr.
677 2492 719 2545 IX,
735 2493 762 2533 12

78 2555 147 2619 χώρις
167 2558 340 2625 αἱματεκχυσίας
360 2557 386 2605 οὐ
405 2558 491 2620 γίνεται
510 2554 601 2620 ἔφεσις,
624 2566 674 2608 deus
691 2567 712 2607 in
730 2566 761 2618 iis,

80 2637 116 2692 qni
130 2640 251 2693 semetipsos
268 2640 307 2681 deo
323 2639 440 2693 obtulerint,
456 2638 573 2681 animalium
586 2630 711 2694 sanguinem,
726 2639 763 2680 ad-

81 2711 208 2755 umbrantem
223 2715 299 2757 Christi
319 2715 438 2768 sanguinem
452 2728 502 2758 vere
517 2714 641 2769 expiantem,
660 2727 699 2769 pro
715 2727 763 2757 san-
