1792 3089
389 179 541 214 'Pucinoonnnn

443 280 463 335 p.
477 282 498 323 a.

174 353 255 405 Restat,
275 359 298 396 ut
315 368 397 408 agamus
417 355 442 395 de
457 355 527 396 indole
542 355 673 396 oraculorum
688 355 803 407 Zeplraniae

133 428 280 468 Rcsonueruut
294 433 361 468 autem
375 429 396 468 in
410 428 515 483 plerisque
534 430 626 470 uirorum
641 429 750 469 doctorum
764 441 811 468 sen·
886 424 896 448 '¹

133 500 202 541 tentiis
220 501 310 541 Lozotln'i
325 501 397 551 rerba,
420 502 523 554 poeticum
547 515 592 543 esse
612 502 726 554 Zeplraniae
744 501 812 541 stilum
878 556 880 559 ᾖ

135 573 173 613 sed
190 573 240 613 nihil
258 586 304 613 eum
323 574 388 614 videri
404 574 480 615 habere
498 575 601 627 singulare
619 577 653 614 aut
668 574 762 614 eximium
776 587 813 614 ne-

136 647 209 699 quein
225 645 360 699 dispositione
374 637 443 688 rerum
456 660 524 701 neque
536 646 716 689 coloredictionis.
737 648 763 688 Et
770 648 813 699 pri·
852 647 855 668 ³

136 731 191 758 inum
205 719 288 772 quidem
302 720 401 760 obiiciunt
415 721 503 760 oraculis
518 720 594 760 nostris
609 720 692 760 nimium
706 720 758 761 alios
769 720 814 760 imi-

136 790 193 830 tandi
210 791 292 832 vitium
315 793 361 833 Hoc
380 805 430 833 vero
450 806 475 832 ex
493 805 578 833 munere
595 797 663 833 vatum
677 792 815 844 posteriorum

137 864 254 903 necessario
269 863 399 916 flagitandum
414 870 450 905 est.

182 937 244 977 Vates
263 937 317 977 enini
335 943 383 978 sunt
400 938 471 989 nnana,
490 951 528 991 per
547 951 599 991 quos
614 939 664 979 deus
679 937 779 991 loquitur,
795 938 816 978 id
857 978 860 982 ,

141 1009 197 1063 quod
215 1013 301 1051 testatur
319 1012 379 1052 Deut.
388 1011 470 1061 XVIII,
485 1013 523 1052 18:
541 1013 662 1065 prophetam
680 1011 773 1052 excitabo
791 1012 816 1052 iis

142 1083 235 1123 emedio
253 1084 337 1124 fratrum
352 1084 445 1137 ipsorum
458 1084 488 1124 tui
502 1084 574 1135 instar,
594 1090 614 1125 et
629 1085 681 1125 dabo
696 1085 759 1126 verba
773 1098 818 1124 inea
875 1091 876 1095 ’

141 1156 205 1196 ines
225 1157 268 1196 eius
287 1161 307 1196 et
322 1157 375 1197 dicet
392 1157 417 1197 iis
432 1170 492 1197 omne
507 1157 563 1210 quod
576 1158 677 1197 mandabo
693 1157 717 1197 ei.
750 1159 818 1198 Locu-
849 1194 851 1200 ,
875 1142 876 1145 ¹

141 1234 173 1270 tus
187 1234 254 1269 autem
270 1234 301 1270 est
315 1230 366 1271 deus
380 1230 406 1269 ad
420 1230 521 1270 hominem
536 1230 622 1282 lapsum,
640 1234 663 1270 ut
677 1229 819 1271 reconciliaret

142 1316 188 1343 eum
206 1306 267 1357 atque
285 1303 403 1351 redimerem
420 1303 489 1362 *onmis
508 1303 569 1356 igitur
586 1303 685 1344 revelatio
700 1302 767 1343 diuina
782 1304 820 1343 du-

142 1375 192 1428 plex
206 1381 247 1425 est,
263 1376 326 1415 altera
340 1388 366 1415 ex
380 1381 437 1428 parte
452 1376 523 1416 salutis
538 1375 680 1417 condicionem
693 1388 820 1428 proponens,

143 1449 208 1489 altera
222 1448 308 1489 salutem
322 1448 386 1500 ipsam
400 1450 527 1500 promittens.
551 1451 620 1501 ltaque
636 1453 666 1488 est
681 1448 757 1500 duplex
769 1462 821 1502 quo-

144 1535 185 1576 que
203 1521 342 1562 ministrorum
359 1521 501 1570 revelationis⁷
520 1522 665 1573 prophetarum
683 1521 783 1570 officium,
803 1526 823 1561 et

144 1594 211 1646 legem
219 1593 252 1633 dei
259 1593 376 1633 inculcandi
385 1598 405 1634 et
414 1593 562 1646 promissiones
569 1593 721 1645 pronuntiandi.
740 1594 823 1633 Utrum·
857 1593 860 1601 ⁴

146 1679 186 1719 que
194 1667 326 1707 coniunctum
337 1666 430 1706 videmus
442 1667 462 1706 in
474 1679 499 1705 eo
514 1665 550 1719 qui
559 1665 637 1717 primus
646 1666 763 1706 nominatur
773 1679 823 1718 pro·
869 1654 872 1659 ⁴

145 1740 217 1791 pheta,
236 1739 310 1779 Mosen
325 1738 381 1784 dico;
401 1738 419 1778 is
434 1737 523 1777 enimin
542 1736 673 1777 Pentateuchi
686 1737 744 1778 libris
757 1738 825 1791 legem

147 1812 180 1851 dei
199 1812 260 1852 docet
277 1811 378 1864 simulque
400 1810 467 1863 legem
487 1809 590 1850 obsecutis
612 1809 697 1850 salntem
715 1811 826 1864 pollicetur

146 1884 283 1926 laetissimam.
316 1884 430 1938 Sequentes
449 1887 516 1924 autem
533 1884 643 1936 propbetas
665 1883 759 1925 Galatam
773 1885 825 1925 bene

149 1958 197 1999 dicit
215 1971 261 1999 esse
278 1957 330 2011 legis
348 1958 481 2012 interpretes,
502 1963 563 2011 atque
578 1957 632 1998 inter
645 1957 719 1998 Mosen
735 1961 755 1997 et
768 1957 826 2010 ipsos

147 2033 188 2072 hoc
209 2035 287 2072 tantum
306 2032 417 2082 interesse,
438 2031 494 2084 quod
516 2030 630 2071 doctrinam
651 2030 767 2082 generalem
788 2044 827 2071 suo
862 2077 864 2079 v

148 2104 237 2157 tempori
250 2104 410 2144 accommodent.
435 2104 512 2144 Omnes
527 2103 588 2156 igitur
603 2107 659 2143 vates
672 2103 765 2144 nituntur
774 2105 829 2144 Pen-

148 2177 251 2228 tateucho,
266 2177 325 2217 euius
339 2176 424 2228 vestigia
438 2176 608 2227 deprehendimus
624 2176 753 2216 creberrima.
774 2178 828 2216 Pen-

148 2251 265 2292 tateucliuni
286 2262 337 2289 vero
359 2249 476 2289 sacerdotes
496 2262 579 2302 quoque
600 2249 701 2289 docebant
718 2252 779 2301 atque
799 2249 829 2288 in-

150 2324 267 2372 culcabant3
281 2323 389 2375 proprium
403 2322 464 2375 igitur
478 2322 558 2362 vatibus
573 2322 617 2372 fnit,
633 2321 689 2374 quod
703 2333 745 2360 non
759 2321 829 2361 huma-

150 2397 183 2437 nis
197 2400 274 2436 tantum
288 2395 366 2436 viribus
381 2395 448 2448 legem
460 2393 656 2447 interpretabantur,
671 2393 708 2433 sed
723 2392 772 2434 deus
786 2393 830 2446 ipse

152 2482 205 2522 quae
220 2473 277 2508 erant
291 2468 406 2518 indefinita,
425 2482 450 2508 ex
465 2467 564 2520 temporis
579 2465 658 2505 ratione
673 2478 710 2517 per
724 2466 782 2517 ipsos
797 2467 831 2505 de-

152 2540 223 2581 finivit.
259 2540 311 2580 Hinc
329 2544 461 2592 peccatorum
479 2552 559 2592 poenae
578 2538 599 2577 in
618 2538 663 2589 lege
683 2538 801 2589 propositae
820 2551 832 2577 a
887 2543 888 2547 ’

151 2613 232 2655 vatibus
243 2613 387 2665 praedicantur
401 2613 440 2653 iam
454 2625 520 2665 prope
535 2610 669 2660 imminentes,
684 2614 764 2651 acesto
780 2624 832 2664 quo-

153 2687 199 2728 dam
214 2687 279 2728 vhoste
301 2685 431 2738 infligendam
458 2685 505 2726 hinc
526 2683 685 2737 promissiones,
709 2684 832 2738 <prontinus
890 2692 891 2696 ’
