1792 3089
344 139 436 183 crustu,
450 153 466 176 v.
479 138 495 178 1·
733 146 761 188 89

81 244 126 306 νῆς,
141 249 186 302 Syr,
202 245 274 315 iffi?
285 243 373 315 iit-tipo
390 244 440 285 urbs
455 245 513 295 nota3
531 247 555 285 ut
569 245 595 286 sit
608 246 690 300 Hophal
703 247 762 288 verbi

81 346 133 386 uua,
155 337 174 373 et
187 331 258 385 paullo
277 329 336 370 aliter
353 326 444 370 Cocceius
458 328 508 369 urbs
524 328 557 368 cui
571 330 662 381 videndi,
683 332 762 373 seilicet

81 408 153 456 deum,
169 404 228 456 copia
242 404 295 443 faeta
310 405 350 451 est,
367 402 424 454 quod
437 401 518 442 notioni
531 402 609 442 formae
623 404 705 456 Hophal
717 419 761 446 ma-

5 501 9 505 ·
81 481 111 533 gis
127 476 222 519 convenit
237 476 263 516 cf.
275 476 313 516 Ex.
321 474 392 525 XXV,
403 476 436 514 40.
461 475 540 514 Verum
555 477 575 514 et
589 475 654 515 forma
668 476 760 531 aliquan-

30 587 42 607 „
78 553 144 594 tulum
163 552 194 590 est
212 552 288 589 mutata
307 551 367 601 atque
386 547 514 600 irregularis,
536 551 556 588 et
573 561 646 590 sensus
663 554 712 603 post
727 561 759 596 uu

40 608 49 618 ι’
80 626 114 667 vel
128 623 298 677 vituperationem
311 622 387 675 flagitat
401 621 435 663 vel
448 621 530 663 landem
544 623 634 674 apertius
645 623 760 666 indicatam.

79 699 120 741 Alii
134 698 195 751 igitur
209 696 371 750 increpationem
385 698 503 745 statuentes,
520 698 539 734 et
551 694 591 747 ipsi
601 696 622 736 in
634 698 701 739 varias
714 711 761 739 sen-

79 772 152 814 tentias
171 770 270 811 abierunt.
302 770 387 811 Hieron.
408 768 477 809 tradit:
501 770 634 821 provocatr'ur
654 771 688 812 vel
706 784 761 812 ama-

80 859 125 887 rum
139 843 225 894 faciens,
241 842 319 884 scilicet
334 842 394 881 deum
410 840 539 890 cleruentem3
559 844 597 883 sed
611 857 623 883 a
636 843 706 883 radice
721 854 761 884 mo

151 916 224 957 erivari
238 929 281 956 non
295 918 369 969 potest.
391 914 482 954 orosius
496 914 565 955 vertit:
581 912 762 970 παραδειγματι-

149 1002 172 1043 η,
191 989 285 1030 infamiae
305 986 597 1041 exposita=sicutNan11L
612 990 635 1037 6;
655 1001 728 1029 verum
742 993 763 1029 et

81 1064 158 1103 formae
177 1061 258 1114 Hophal
278 1061 310 1102 vis
329 1060 390 1101 activi
408 1060 471 1100 inest:
496 1060 531 1113 qui
549 1059 619 1101 videre
638 1062 704 1102 factus
724 1065 762 1115 est,

81 1135 147 1185 videt,
163 1138 182 1174 et
195 1147 246 1176 usus
258 1134 317 1175 vocis
332 1143 385 1184 nnn,
405 1145 465 1186 quarn
479 1135 574 1184 usurpat,
589 1133 625 1174 vix
639 1134 761 1176 inveniatur.

81 1207 215 1248 Recentiores
230 1207 291 1259 igItur
305 1209 388 1247 vertunt
403 1204 511 1255 rebellem,
531 1204 565 1244 vel
579 1216 593 1245 u
608 1190 705 1260 tanquam
719 1221 762 1247 ma-

81 1284 133 1320 trem
147 1278 241 1320 lectionis
256 1278 321 1318 radici
335 1287 377 1317 unta
392 1277 489 1318 insertam
504 1289 550 1317 esse
564 1278 609 1329 rati,
625 1279 682 1332 quod
694 1282 763 1320 tamen

83 1351 180 1404 exemplis
199 1353 266 1393 minus
283 1350 393 1404 probatum
409 1354 440 1391 est
454 1349 532 1403 (Cotta.
546 1349 665 1403 Rauenna),
684 1351 719 1392 vel
733 1352 762 1392 al-

81 1430 145 1467 teram
154 1425 228 1466 radicis
237 1425 322 1465 formam
330 1430 372 1465 nto
380 1423 513 1477 respicientes
529 1422 649 1476 (Antonius,
663 1425 762 1477 Borkeos,

84 1498 197 1549 (letentur),
212 1511 264 1553 quae
278 1497 353 1551 legitur
366 1497 414 1538 Job.
429 1495 536 1549 XXXIX,
552 1498 579 1538 18
594 1498 680 1539 noti0ne
695 1512 718 1540 se
733 1499 763 1539 ei-

81 1571 170 1622 ferendi,
189 1570 308 1612 rebellandi.
343 1572 409 1621 Quam
423 1571 528 1624 Intentus
547 1574 567 1611 et
581 1570 671 1613 Mamer
685 1573 763 1614 formae

8 1683 14 1696 ,,
81 1645 141 1686 huius
156 1644 240 1685 rarioris
256 1657 337 1685 causam
348 1644 440 1695 afferunt,
456 1647 479 1684 ut
490 1643 625 1696 distinguatur
637 1658 649 1685 a
661 1655 714 1689 nutu
725 1660 763 1687 no-

0 1720 10 1754 t
81 1717 207 1760 vacuatus.
216 1719 273 1769 XIII,
283 1719 304 1758 5.
319 1717 398 1768 Ps.lX‚
411 1717 445 1767 ut,
460 1716 481 1756 in
491 1717 531 1757 hoc
546 1718 693 1759 sententiarum
707 1731 763 1760 nexu

9 1779 11 1785 ¹
80 1791 115 1832 vix
129 1791 233 1843 putaveris
247 1790 322 1832 valere.
337 1812 364 1821 -
387 1786 449 1831 stan
465 1790 562 1842 Hierum,
579 1790 673 1833 Cocceius
686 1804 761 1834 vocem

80 1864 236 1918 praecedentem
253 1864 335 1905 laudem
354 1863 459 1903 continere
478 1863 566 1916 opinati,
585 1868 668 1906 vertunt
682 1865 763 1907 redem-

81 1941 127 1989 tam,
142 1941 165 1978 ut
180 1937 321 1989 significentur
328 1936 472 1989 Hierosolyma
485 1936 551 1990 priori
562 1938 672 1991 captivitati
684 1943 760 1992 erepta,

82 2010 118 2051 sed
137 2010 190 2051 sicut
203 2013 263 2050 autea
277 2009 304 2050 ita
318 2009 351 2049 hic
365 2022 448 2063 quoque
464 2009 599 2062 opprobrium
614 2015 762 2065 exspectamus.

81 2083 164 2137 Legitur
178 2086 245 2125 autem
259 2079 296 2124 tna
311 2083 352 2124 Jes.
364 2083 419 2133 LIX,
435 2083 454 2122 3.
470 2083 544 2134 LXIII,
560 2083 580 2125 3.
599 2084 648 2125 Mal.
663 2085 678 2136 1,
694 2086 713 2127 7.
729 2086 762 2126 12.

82 2158 166 2199 notione
180 2156 297 2210 polluendi,
313 2169 376 2210 qnare
392 2161 423 2197 est
436 2157 526 2210 polluta,
542 2157 651 2212 inquinata.
680 2158 763 2199 Mundi-

0 2236 10 2277 ‘5
81 2231 119 2272 ties
134 2229 231 2272 Israelitis
249 2229 329 2283 legibus
347 2229 454 2272 ritualibus
473 2231 527 2272 haud
544 2231 615 2284 paucis
630 2231 762 2285 praescripta,
807 2271 809 2273 ,

29 2354 33 2357 Α
81 2304 139 2357 siguo
156 2310 240 2345 externo
256 2303 317 2344 deum
330 2317 383 2356 pure
398 2307 509 2358 sancteque
524 2303 634 2346 colendum
644 2318 690 2346 esse
700 2305 763 2346 doce-

80 2377 125 2425 bat;
138 2378 182 2429 jam
195 2390 246 2418 vero
262 2376 340 2418 etiamsi
354 2377 419 2418 videri
433 2381 529 2430 poterant
541 2379 651 2431 purissimi,
668 2379 764 2420 dicuutur

62 2440 165 2503 polluti,
186 2450 234 2504 quia
252 2450 331 2491 scilicet
348 2454 392 2491 tota
410 2450 484 2503 agendi
502 2454 564 2505 atque
579 2452 666 2505 degendi
684 2453 763 2493 ratione

0 2538 21 2581 pa
82 2536 104 2564 se
118 2524 258 2575 profanabant.
268 2545 297 2554 -
312 2534 355 2564 nnn
365 2525 428 2565 LXX
443 2528 463 2564 et
477 2524 513 2578 qui
528 2538 572 2565 earn
587 2529 706 2579 sequnntur,
721 2526 774 2583 vir-j

80 2598 144 2635 tutem
157 2596 285 2647 postulantes
296 2600 380 2638 vertunt
392 2597 517 2646 columbam
533 2601 554 2648 at
566 2612 614 2639 vero
624 2598 709 2650 legimus
719 2587 773 2656 for-J

8 2704 12 2741 ,Α
81 2681 133 2709 mam
152 2668 204 2709 hauc
225 2670 310 2711 eandem
327 2671 369 2712 Jer.
384 2670 459 2721 XXV,
475 2671 508 2713 38.
528 2671 607 2723 XLVI,
623 2670 655 2711 16.
677 2670 775 2711 notione
