1792 3089
140 143 183 172 xxx
408 126 554 164 Pnoruuomunn.

142 221 205 287 gligit,
219 236 242 274 ut
256 245 282 273 ne
296 235 401 287 regionem
416 234 498 289 quidem
513 233 567 274 coeli
581 233 662 286 indicet,
677 234 732 274 unde
742 234 821 287 suppli-

143 307 197 347 oium
212 306 303 348 divinum
317 308 430 360 immineat,
445 308 532 349 salutem
545 320 596 347 vero
611 307 635 346 ab
650 307 710 347 loele
724 307 821 348 Israelitis

142 379 193 421 solis
212 381 336 433 praedictam
355 381 462 422 conversis
479 380 595 421 hominibus
616 379 709 421 omnibus
724 380 821 422 vaticine-

140 457 182 503 tur.
207 455 276 504 Quare
291 454 345 493 iuter.
358 467 429 500 ornnes
443 455 554 507 prophetas
563 454 666 506 Zephania
680 453 820 495 maximever-

143 529 200 568 sat-ur
213 527 234 566 in
249 526 384 567 describendo
399 527 458 581 regni
473 526 536 567 divini
550 527 622 567 ordine
636 526 740 568 universo.

184 602 242 651 Quae
260 613 322 653 quum
341 599 368 640 ita
383 601 433 651 sint,
454 612 553 653 apparere
568 600 705 641 existimamus
720 604 819 653 quatenus

141 673 168 713 sit
181 673 292 725 probanda·
301 673 392 714 Mathoni
405 673 510 724 sententia,
526 673 561 726 qni
571 673 694 726 Zephaniam
708 673 820 714 clarissime

142 745 190 785 dicit
203 745 257 786 inter
271 747 381 799 prophetas
400 747 489 787 minores
505 747 530 786 de
545 759 609 799 regno
625 746 819 788 Christivaticinari

141 818 203 872 idque
221 832 281 871 agere
299 820 348 861 satis
367 819 451 873 copiose
466 818 600 873 dilucidisque
615 820 690 862 verbis.
720 820 818 871 Quamvis

142 893 196 933 enim
209 893 305 933 vaticinia
323 897 388 944 certa,
408 907 460 947 quae
475 893 552 934 Christi
568 894 677 934 adventum
691 898 751 947 atque
766 894 830 946 opus'

141 966 274 1007 redemtionis
289 966 385 1017 indicent,
400 966 421 1007 in
435 967 489 1007 libro
504 970 576 1007 nostro
586 966 737 1020 nonlegentur,
751 970 818 1006 tamen

140 1052 193 1092 quae
206 1040 259 1080 vatis
274 1039 340 1080 oculis
354 1039 476 1081 obversatur
489 1039 595 1092 praeclara
608 1040 667 1092 regni
678 1040 740 1081 divini
750 1039 817 1091 imago

140 1124 178 1163 per
191 1111 293 1152 Christum
308 1112 376 1153 solum
389 1113 480 1165 perfecta
494 1114 558 1163 adest,
573 1112 593 1152 in
609 1113 696 1152 ecclesia
710 1107 818 1153 christiana

140 1185 258 1238 perspicua,
274 1185 396 1238 conrplenda
410 1186 432 1226 in
446 1185 581 1238 triumphante
596 1185 694 1226 ecclesiae
709 1197 766 1226 aevo.

392 1346 511 1388 CAPUT
532 1347 567 1387 lll.
629 1363 632 1368 ·

336 1454 490 1483 lNTERPRETUllI
504 1454 618 1484 ELENGHUS.

182 1549 285 1602 Zephauia
303 1549 325 1589 in
342 1549 463 1590 universum
481 1548 541 1590 nimis
560 1550 666 1602 neglectus
685 1549 818 1601 interpretum

140 1616 223 1677 quoque
238 1635 287 1662 eura
301 1622 354 1662 haud
368 1622 396 1662 ita
409 1635 482 1676 magna
496 1623 578 1675 gavisus
593 1626 633 1671 est;
649 1635 712 1676 quare
720 1622 737 1662 si
745 1622 766 1662 in
775 1635 817 1676 quo

139 1696 180 1737 alio
194 1695 270 1736 veteris
281 1696 396 1736 testamenti
406 1696 508 1749 scriptore
517 1695 644 1748 explicando,
659 1695 769 1748 praecipue
778 1696 817 1736 Ze-

138 1769 224 1821 phaniae
233 1768 365 1820 interpretem
378 1773 460 1821 oportet
470 1769 627 1810 commentarios
635 1769 754 1810 universum
761 1769 787 1809 V.
793 1770 817 1809 T.

138 1841 264 1882 illustrantes
277 1841 388 1893 respicere.

179 1915 206 1954 Et
213 1914 301 1967 primum
310 1914 391 1966 quidem
399 1914 516 1954 versionem
524 1912 685 1966 comparatimus
690 1913 755 1965 LXX,
764 1926 816 1968 qnae

138 1992 205 2028 tamen
217 1987 269 2036 locis
281 1986 387 2039 permultis
403 2000 414 2026 a
428 1991 485 2027 textu
497 1987 599 2027 Hebraico
615 1986 740 2034 destituitur;
756 2000 816 2041 quam

138 2061 231 2114 sequitur
240 2073 269 2109 ea,
278 2073 330 2112 quae
338 2060 359 2099 in
366 2059 434 2100 bibliis
440 2060 563 2113 Polyglottis
572 2060 660 2100 [londini
666 2060 725 2101 editis
733 2061 781 2101 Vol.
787 2060 816 2102 ΙΙΙ

137 2134 254 2175 contuietur
268 2132 337 2173 versio
346 2132 440 2181 Archiou,
456 2132 539 2173 saeculo
555 2133 634 2173 decimo
648 2133 775 2185 uindicanda,
791 2135 816 2174 of.

140 2208 246 2247 Cerealium
261 2205 302 2246 Jes.
311 2206 326 2257 l,
343 2207 361 2256 1,
376 2219 423 2258 pag.
430 2207 464 2256 98,
481 2205 611 2259 explicationi
625 2206 701 2246 nullius
715 2207 758 2246 fere
772 2220 816 2247 mo-

137 2280 205 2320 menti.
235 2278 314 2319 Deinde
331 2277 442 2320 Chaldaeo
455 2278 585 2329 Jonathanis,
600 2278 637 2318 filii
651 2278 737 2330 Uzielis‚
756 2293 816 2333 quam

137 2352 220 2392 tradunt
234 2356 316 2392 centum
333 2364 399 2392 annos
417 2355 464 2392 ante
479 2350 583 2392 Christum
599 2357 669 2392 uatum
683 2353 755 2393 factam
770 2366 816 2394 esse
850 2385 852 2414 2
888 2361 891 2413 i

138 2426 164 2466 cf.
175 2426 282 2465 Ceremiam
291 2425 306 2465 1.
314 2439 332 2467 c.
342 2439 362 2478 p.
371 2426 462 2476 66-80,
472 2425 564 2478 quamvis
571 2426 673 2466 interdum
683 2426 744 2466 nimia
753 2426 816 2467 liber·
851 2424 862 2474 ¹*

136 2503 178 2539 tate
192 2511 236 2549 usa,
250 2502 319 2538 tamen
332 2499 386 2540 haud
400 2512 447 2539 raro
462 2503 541 2539 rectum
553 2499 629 2540 indicat
642 2499 754 2539 verborum
768 2512 816 2540 sen·
853 2552 854 2555 Ἴ

137 2583 189 2613 sum.
219 2572 272 2612 Tum
289 2571 385 2624 Syriaco,
403 2572 509 2623 Peschito,
529 2572 554 2612 cf.
571 2573 678 2612 Ceionium
691 2571 705 2612 l.
716 2585 733 2613 o.
748 2586 768 2625 p.
780 2574 815 2624 81,
853 2557 857 2647 h

137 2658 189 2699 quae
207 2646 288 2686 videtur
306 2645 390 2686 saeculo
407 2649 456 2698 post
471 2645 574 2686 Christum
592 2645 683 2686 secundo
701 2646 816 2700 composita
855 2660 858 2680 2
