1792 3089
146 160 168 190 γ]
413 148 557 184 Protaconunn.

148 251 175 292 17
190 250 223 291 vel
238 264 290 302 eum7
305 252 339 292 cui
353 252 403 292 deus
418 265 451 293 res
466 252 596 293 absconditas
606 251 736 301 revelaret-ib
751 256 771 292 at
786 265 824 292 uo-

148 336 193 363 men
208 324 265 378 qnod
283 324 324 364 vati
341 338 384 365 non
402 328 433 365 est
450 326 556 377 proprium
574 327 611 366 sed
626 325 693 366 multis
709 324 757 366 viris
772 324 825 364 indi-

147 400 191 436 tum
208 396 283 449 legitur
301 410 348 437 eum
367 398 457 447 exhibet,
480 411 540 451 quern
559 400 609 439 deus
630 399 728 448 custodit,
751 398 776 437 cf.
792 398 824 437 Ps

148 470 240 519 XXVll,
257 471 275 509 5.
300 470 444 510 Annotaudum
460 475 500 521 est,
515 471 583 521 LXX,
600 472 691 512 Graecos
706 476 766 525 atque
782 484 825 511 orn-

148 555 195 591 nes,
214 543 249 596 qui
263 542 362 583 rationem
378 557 448 584 eorum
463 543 545 595 legendi
559 549 683 597 sequuntur,
701 544 826 596 Soplrouiam

149 614 229 666 legere,
250 629 310 668 quum
328 630 368 668 pro
383 617 456 656 Schua
471 616 563 657 vocalem
577 616 660 657 brevem
675 629 732 656 more
745 615 827 667 linguae

150 686 249 727 Arabicae
268 689 382 740 exprimant
400 693 420 729 et
435 690 508 730 Pataclr
527 703 579 730 sono
594 690 657 742 magis
673 689 762 729 obscuro
778 701 827 740 pro-

150 761 253 810 nuntient,
272 761 299 801 ita
315 758 335 798 Γ
334 753 435 809 odolina,
453 757 556 813 Ὀχόζιας
571 763 595 803 ct,
613 763 693 803 Gasima
707 761 827 802 Geschicbte

151 833 188 873 der
201 833 264 874 Hebr.
280 834 362 875 Sclrrift.
376 833 394 889 ᾗ.
404 836 441 886 50,
456 836 476 876 2.
644 819 647 824 ⁸

193 906 251 947 Vatis
269 919 334 959 genus
354 912 442 961 quatuor
458 908 559 948 indicatur
577 907 753 960 generationibus,
772 907 828 960 quod

152 992 215 1032 quum
233 979 339 1033 evulgari
355 981 497 1021 Hebraeorum
516 981 674 1031 consuetudine,
695 980 770 1033 quippe
789 993 828 1033 qua

151 1056 230 1103 patrem
245 1055 325 1092 tantum
330 1054 441 1104 nominent,
457 1054 539 1094 recedat
548 1057 609 1107 atque
619 1052 640 1092 in
648 1053 754 1105 prophetis
762 1053 829 1093 solnm

152 1123 232 1176 legatur
247 1125 368 1178 exemplum,
385 1127 428 1167 inre
443 1127 585 1166 concludimus
600 1138 664 1178 genus
679 1126 749 1165 nobile
759 1125 829 1166 fuisse.

154 1195 254 1238 Caeliana
269 1203 345 1250 autem,
366 1213 427 1253 quum
445 1200 558 1252 prophetae
575 1199 657 1252 plurimi
672 1202 751 1251 patrem
769 1199 790 1238 in
804 1198 829 1238 ti-

153 1269 197 1309 tnlo
216 1270 320 1321 adiiciant,
341 1285 395 1312 nnus
414 1273 510 1313 Saclraria
528 1285 587 1312 avum
606 1271 675 1321 addat⁷
698 1285 786 1324 quorum
805 1271 830 1311 de

153 1355 243 1394 persona
257 1357 283 1383 ne
297 1344 421 1384 levissimum
437 1345 518 1397 quidem
533 1344 622 1396 supersit
636 1343 752 1396 vestigium,
768 1357 830 1396 quum

154 1428 218 1467 porro
227 1416 318 1456 Danielis
332 1416 412 1456 iuvenis
427 1431 506 1458 sunnno
519 1417 567 1458 loco
582 1416 623 1456 nati
638 1429 664 1455 ne
678 1424 736 1468 pater
750 1415 832 1468 quidem

154 1489 280 1539 nominetur,
302 1490 384 1529 nomina
401 1489 436 1529 illa
455 1504 497 1530 non
519 1489 600 1542 generis
618 1488 744 1528 nobilitatem
763 1493 832 1528 osteu-

155 1561 204 1601 dere
220 1561 330 1612 existimat,
350 1563 386 1603 sed
406 1563 474 1603 addita
492 1575 548 1611 esse,
568 1575 609 1615 quo
627 1561 707 1602 facilius
721 1565 793 1601 noster
806 1560 832 1600 ab

155 1633 200 1674 aliis
222 1634 271 1675 viris
290 1635 409 1688 aequalibus
428 1635 481 1675 idem
500 1648 575 1675 nomen
592 1634 711 1688 gerentibus
729 1634 833 1674 discerna-

154 1711 194 1748 tur.
224 1707 250 1747 Et
267 1708 307 1748 boc
322 1708 403 1761 quidem
421 1708 491 1758 iniis,
511 1708 546 1761 qni
564 1713 643 1760 patrem
656 1711 734 1748 tantum
748 1707 835 1747 afferunt

156 1786 176 1820 et
193 1782 214 1820 in
233 1780 337 1831 Sacharia,
358 1781 415 1821 cuins
433 1785 493 1834 pater
507 1781 558 1821 adeo
574 1781 656 1833 ignotus
671 1780 717 1830 fuit,
736 1783 759 1819 ut
774 1780 834 1819 etiam

155 1854 201 1894 Esr.
210 1854 241 1903 V,
255 1855 267 1893 1
287 1867 352 1906 genus
368 1855 411 1894 eius
425 1859 483 1907 patre
498 1853 592 1907 neglecto
611 1854 636 1893 ad
651 1866 710 1893 aarum
725 1853 834 1892 reducere-

155 1931 195 1977 tur,
211 1932 291 1967 constat
305 1927 374 1967 locum
388 1928 473 1976 babere·⁷
488 1932 508 1967 at
523 1931 611 1980 quatuor
625 1925 768 1977 generationes
783 1926 834 1965 hanc

156 1999 183 2040 ob
199 2012 279 2040 causam
294 1999 364 2040 allatas
380 2013 425 2040 esse
440 2002 474 2041 vix
487 2006 518 2041 est
529 1999 594 2041 simile
606 1999 656 2039 veri.
678 1998 769 2038 Danielis
784 2011 834 2038 vero

157 2072 280 2125 exemplum,
301 2086 363 2125 quum
381 2072 428 2112 libri
445 2073 500 2114 illius
518 2072 623 2124 inscriptio
643 2075 704 2124 atque
723 2071 775 2111 ratio
790 2071 836 2110 uni-

156 2159 217 2187 versa
231 2146 257 2186 sit
271 2145 320 2195 alia⁷
338 2145 387 2185 nihil
402 2146 481 2198 probat.

200 2219 287 2260 Generis
311 2222 378 2257 autem
396 2219 523 2258 nobilitatem
542 2219 588 2257 inde
608 2217 722 2258 conieceris
742 2217 836 2257 derivan-

158 2294 204 2333 dam
219 2304 271 2342 esse,
287 2291 349 2344 quod,
365 2291 461 2344 quoniam
476 2291 501 2331 de
510 2290 554 2331 aliis
568 2289 679 2330 maioribus
691 2289 739 2329 nibil
755 2295 786 2330 est
798 2303 836 2330 uo-

157 2371 206 2416 turn,
220 2364 301 2404 Hislrias
310 2363 386 2405 abavus
396 2364 457 2404 fuerit
469 2364 515 2416 pius
527 2363 561 2403 ille
569 2363 696 2403 ludaeorum
706 2375 743 2402 rex
753 2348 837 2412 (eh-t„

157 2497 209 2532 ideen
221 2497 251 2530 des
263 2482 284 2529 A
293 2496 313 2529 T·
326 2510 343 2541 p.
357 2495 395 2532 338.
422 2496 510 2530 Knobelti‘
523 2493 653 2540 Proplrctismus
669 2494 700 2527 der
714 2492 803 2528 Hebraecr
815 2495 839 2536 II,

157 2568 174 2600 p.
184 2553 223 2590 246.
247 2553 334 2587 Koestert
344 2552 444 2598 Propheten
457 2553 486 2586 des
499 2552 545 2585 alten
556 2564 573 2584 u.
585 2563 642 2583 neuen
654 2550 761 2584 Testaments
773 2564 790 2596 p.
799 2550 838 2587 111.

156 2610 196 2646 293.
218 2609 286 2644 Meteri·
298 2609 354 2643 Kritilr
370 2610 400 2642 der
411 2608 548 2651 Bearbeitungeu
564 2608 595 2640 der
609 2605 678 2640 kleiucn
694 2607 793 2654 Propheten
806 2616 839 2642 etc.

157 2667 174 2699 in
187 2667 254 2700 Zellers
266 2665 319 2700 theol.
328 2664 435 2699 Jalrrbiicher
447 2664 496 2702 1842.
509 2665 541 2698 lili
554 2678 571 2709 p.
581 2662 619 2699 495,
