1792 3089
344 180 386 216 Chr.
398 180 415 223 I,
428 193 443 214 v.
455 180 471 218 2.
485 180 500 217 3.
748 183 763 224 3

81 290 176 333 universa
194 299 312 330 sermonem
330 299 376 331 esse
390 286 510 340 significant.
540 285 630 327 Primum
645 287 698 328 enirn
712 286 763 328 nihil

80 364 191 419 praecedit,
207 363 264 417 quod
277 375 296 404 v.
305 366 399 404 nostrum
413 361 439 401 ad
448 360 522 401 Judanr
536 361 701 414 restringendum
716 374 762 403 esse

81 439 163 489 indicet,
180 441 200 478 et
214 450 277 492 quum
292 449 311 479 v.
323 438 336 477 1
351 436 402 477 nihil
415 435 456 476 nisi
468 435 520 477 vatis
534 446 609 476 nrunus
618 435 762 488 propheticum
805 471 806 474 ,

80 514 101 555 iu
116 513 245 564 uuiversum,
265 510 322 552 rudia
336 510 404 552 addita
418 509 491 564 populi
506 508 635 568 definitione,
651 509 760 561 contineat,

81 601 120 629 uos
141 600 224 642 quoque
244 599 287 628 nou
306 587 365 628 decet
386 585 471 627 definire
489 596 533 625 non
551 583 639 626 definita.
672 584 761 626 Videtur

82 663 141 704 etiam
149 661 253 714 Zephania
265 661 369 715 respicere
378 660 418 701 Dei
431 659 495 702 rerba
507 658 559 701 Gen.
568 657 603 709 Vl,
613 659 632 711 t,
647 658 683 700 uhi
698 659 760 700 deum

82 750 146 792 quum
163 735 251 789 videret,
269 749 363 790 magnam
382 747 428 777 esse
445 732 541 775 malitiam
557 732 644 773 hominis
662 733 684 774 iu
697 736 759 786 terra,

81 811 183 865 poenituit
198 823 220 852 se
234 810 337 852 hominem
352 822 439 861 creasse,
456 806 556 860 dixitque:
575 819 709 858 „consumam
722 808 761 849 ho-

58 939 60 941 ,
81 887 157 927 minem
172 898 232 940 quern
247 884 314 925 creavi
329 898 340 924 a
354 883 464 938 superficie
476 886 549 933 terrae,
564 881 589 922 ab
601 882 683 924 homine
694 895 761 937 usque

82 961 108 1002 ad
121 960 204 1011 bestias,
219 972 285 1013 nsque
300 957 326 999 ad
337 957 452 1011 reptiliaet
464 957 491 997 ad
501 968 549 997 aves
557 955 682 998 caetorumf‘
703 957 761 998 Hanc

81 1039 156 1076 terram
171 1034 197 1075 de
211 1033 309 1074 universo
317 1036 419 1073 terrarum
431 1030 481 1073 orbe
490 1030 642 1086 intelligendam
651 1044 703 1085 esse7
718 1044 761 1074 nou

83 1113 114 1151 est
131 1108 167 1164 qui
183 1111 254 1161 neget3
274 1107 297 1149 Z.
313 1110 380 1148 autem
398 1105 545 1148 minationibus
560 1106 603 1148 suis
617 1106 699 1160 pondus
714 1120 761 1160 gra-

81 1183 127 1225 vius
146 1182 218 1222 afferre
238 1195 281 1223 nou
299 1180 375 1235 potuit,
396 1194 456 1235 quam
470 1180 549 1234 populo
563 1180 588 1222 iis
603 1181 643 1222 Dei
661 1181 724 1223 effatis
739 1182 761 1223 in

81 1256 200 1298 memoriam
213 1255 321 1308 revocatis,
338 1268 426 1309 quorum
440 1254 531 1308 impletio
543 1255 624 1296 sirnesta
637 1256 760 1299 minationes

83 1332 126 1373 eius
140 1343 203 1372 varias
217 1343 261 1371 non
275 1342 321 1371 esse
336 1329 385 1370 satis
394 1341 498 1383 superque
508 1328 611 1370 docuerat.
634 1329 660 1370 Et
668 1330 706 1371 hac
714 1331 760 1385 qui-

82 1405 129 1446 dem
142 1403 222 1445 ratione
236 1403 290 1444 idem
306 1402 486 1456 deprehendimus,
502 1403 559 1457 qrrod
573 1403 641 1445 lidiche
654 1404 674 1455 Ι,
689 1405 760 1447 2—4.

82 1479 156 1521 desii.
171 1478 269 1530 legimus;
286 1481 343 1519 vates
359 1476 418 1529 eninr,
433 1490 460 1518 ne
475 1478 520 1532 quis
536 1478 561 1519 de
577 1478 610 1519 dei
623 1479 761 1522 inisraelitas

52 1592 53 1595 ,
81 1556 183 1607 potestate
199 1551 285 1604 dubitet,
303 1552 325 1592 in
340 1551 426 1593 exordio
444 1558 486 1592 tam
499 1552 601 1594 librorum
615 1565 676 1607 quam
689 1554 761 1595 vatici-

82 1628 165 1669 nicrum
183 1625 312 1679 singulorum
329 1625 497 1679 ornnipotentiam
512 1626 553 1678 dei,
574 1626 607 1667 cui
621 1628 687 1669 omnis
703 1641 761 1670 crea-

82 1705 128 1742 tura
143 1699 240 1752 chironia,
255 1703 302 1741 ante
317 1699 390 1742 oeirlcs
404 1704 491 1753 ponunt.
514 1700 544 1741 lta
554 1700 576 1742 Z.
587 1700 612 1741 de
620 1701 703 1753 judiciis
712 1716 760 1757 par-

82 1774 201 1816 ticularibus
217 1773 309 1815 dicturus
324 1774 364 1815 Dei
375 1774 476 1826 judicium
489 1774 613 1828 universale,
629 1776 686 1830 quod
700 1759 769 1818 nernog'

83 1853 124 1901 est,
148 1849 183 1904 qui
201 1848 290 1902 effugiat,
309 1852 406 1904 tanquam
424 1850 501 1890 fontem
519 1852 631 1901 monstrat,
650 1851 705 1892 unde
722 1851 767 1900 alia

83 1924 151 1964 onrrria
164 1923 273 1977 profluant.
299 1922 408 1976 Ohjectum
422 1923 470 1975 irae,
486 1936 538 1965 voce
548 1920 575 1965 h:
586 1922 705 1979 indicatum,
717 1926 761 1978 jam

82 1997 196 2039 accuratius
212 1997 332 2051 explicatur.
496 1998 498 2002 ”

124 2085 144 2113 v.
155 2072 174 2112 3.
193 2070 297 2125 Auferam
311 2070 400 2112 detrahar
414 2075 436 2111 et
449 2069 528 2122 tertias,
542 2070 641 2125 cuasarum
654 2085 700 2114 cloes
713 2074 765 2117 coeti·

82 2151 103 2187 et
113 2146 178 2200 pisces
191 2147 265 2196 arteris,
285 2150 306 2187 et
319 2144 441 2199 effendentes
455 2159 503 2187 corn
515 2144 621 2200 improbis,¹
635 2151 656 2188 et
669 2148 763 2190 excidam

82 2220 183 2262 teatinam
194 2234 208 2261 a
218 2221 406 2275 superficiaterroa
421 2220 600 2263 dictumsaltooae.
621 2222 763 2280 Descriptioni

82 2298 166 2336 nostrae
181 2308 245 2349 supra
258 2295 345 2336 vidimus
358 2295 507 2337 Eichlrorrn'um
520 2294 701 2339 inconcinnitatem
709 2297 763 2351 obji-

83 2382 141 2421 cere,
166 2384 229 2424 quum
247 2370 315 2424 pisces
334 2384 381 2412 cum
400 2370 471 2413 aeribus
489 2370 588 2412 nominati
605 2374 693 2413 aetatem
710 2372 763 2415 vatis

83 2442 152 2484 oleant
166 2445 313 2497 posteriorem
329 2445 366 2487 sed
380 2448 403 2486 ut
417 2444 507 2486 omittam
522 2449 664 2499 argumentum
675 2446 731 2487 reale
741 2447 763 2488 in

83 2516 161 2559 diluvio
180 2519 322 2574 perspicuum,
343 2520 402 2561 etiarn
420 2519 552 2571 Hos.1V‚3
570 2520 683 2574 perniciem
697 2534 709 2561 a
724 2521 763 2561 deo

83 2591 213 2635 constitutam
227 2594 282 2636 haud
297 2608 356 2637 secus
371 2595 529 2648 pronuntiatae
544 2594 619 2649 Zeph,
634 2596 668 2637 cui
681 2598 764 2649 praeter

83 2667 134 2708 Gen
143 2666 172 2707 Vl
187 2668 247 2709 etiam
255 2670 304 2711 Hos.
319 2673 366 2711 ante
376 2670 449 2712 ocules
460 2668 614 2711 obversabatur.
637 2669 703 2711 Multo
712 2683 763 2724 pro-

41 2775 43 2778 .
83 2742 137 2783 fecto
156 2740 229 2783 melius
246 2742 382 2808 Theoderetnr
400 2744 442 2785 loci
460 2743 580 2786 senteutiam
598 2743 708 2799 intellexit,
727 2747 763 2788 ad-

598 2811 609 2853 1
616 2813 630 2842 a
