1792 3089
150 139 178 180 68
393 133 435 170 Car.
448 134 475 177 II,
491 126 588 169 v.e'-11.

152 244 191 292 est,
209 252 281 281 rerum
300 238 359 281 etiam
378 244 453 281 eventu
471 240 553 293 egregie
571 235 704 279 confirmavit.
720 257 746 267 —
772 235 830 285 Quae

151 313 233 367 quando
250 326 276 354 err
289 314 370 368 templis
385 314 427 355 suis
440 314 519 365 dejecta
528 316 588 354 eruut
596 309 760 363 instarDagonis
769 307 830 361 illius,
873 306 891 349 ¹

151 387 267 429 adorabunt
282 387 342 429 deum
356 401 427 429 omnes
442 399 472 428 nn
487 388 584 441 gentium,
599 384 683 440 proprie
697 383 776 424 insulae
788 382 831 424 sive
875 385 884 423 ³]

153 475 201 503 orae
216 461 336 513 maritimae,
356 462 429 503 deinde
443 461 539 514 regiones
554 460 665 501 maritimae
680 462 700 499 et
714 456 832 499 transmari-

151 548 201 587 nae,
220 539 264 576 tum
281 535 377 588 regiones
394 536 416 576 in
429 535 549 577 universum
563 534 682 588 longissime
697 535 788 573 remotae
807 530 831 571 cf.
894 536 895 539 ’

153 610 205 650 Gen.
213 610 240 661 X,
256 611 276 649 5.
291 609 404 662 IesXLII,
419 612 439 650 4.
470 610 547 650 Omnes
562 612 628 649 terrae
643 611 714 662 gentes
729 606 759 646 ad
769 606 833 646 Jeho-
874 596 875 599 ¹
893 614 895 667 g

152 696 190 724 rae
210 682 287 723 cultum
305 683 409 724 vocandas
428 696 483 735 esse,
504 682 604 736 supplicia
623 683 656 723 dei
674 695 716 723 non
730 681 793 722 modo
808 680 833 719 ad

152 756 265 811 perniciem
283 758 321 798 sed
338 757 403 799 multo
418 757 482 810 magis
497 756 523 797 ad
538 756 624 798 salutem
637 756 750 810 pertinere,
771 767 834 808 quum

153 831 206 873 nolit
224 834 312 873 mortem
326 832 451 884 peccatoris„
470 831 507 872 sed
521 835 544 872 ut
558 834 690 873 convertatur
704 844 716 870 a
730 827 834 882 praevari-

155 906 235 947 catione
250 919 293 958 sua,
307 906 360 946 hanc
374 906 459 959 gratiam
471 904 503 945 dei
517 904 660 957 universalem,
675 903 755 944 vatibus
764 902 834 943 laetis·
877 916 878 931 ³

154 979 226 1020 simam
241 992 298 1032 spem
312 984 404 1032 tempore
419 978 507 1019 lilessiae
522 978 645 1031 implendam
663 977 757 1017 conteras
772 975 833 1016 lllich.

155 1054 190 1104 IV,
207 1053 226 1093 2.
240 1052 282 1092 Jes.
293 1053 328 1103 IV,
344 1053 363 1092 3.
379 1052 444 1102 XLII,
459 1053 478 1093 4,
493 1052 537 1103 LX,
552 1052 572 1094 9.
586 1052 628 1092 Jer.
640 1050 724 1102 XXXI,
739 1050 758 1090 6.
774 1048 833 1090 Saclr.

153 1126 213 1177 VIII,
229 1125 339 1176 20-23,
357 1125 467 1178 praecipue
485 1128 552 1166 antem
570 1138 595 1166 ec
613 1124 672 1176 loco,
695 1123 730 1178 qni
747 1135 834 1177 prorsus

154 1199 208 1240 sicut
224 1212 244 1240 v.
259 1202 331 1239 noster
350 1198 436 1240 salntem
455 1199 545 1251 gentium
565 1211 590 1239 ex
604 1212 672 1252 poena
687 1210 756 1238 earum
770 1196 834 1251 proli·
880 1188 890 1256 ’ξ’

155 1274 205 1315 cisci
220 1272 287 1324 docet,
302 1272 344 1313 Jes.
354 1272 415 1314 XIX.
425 1294 453 1302 -
466 1272 509 1313 Sed
523 1272 603 1313 additur
618 1281 697 1323 mappa
710 1268 762 1322 uu,
779 1270 835 1324 quod

155 1346 233 1400 duplici
245 1346 307 1387 modo
323 1345 410 1399 intelligi
422 1349 497 1398 potest,
512 1350 546 1386 aut
561 1345 588 1386 ita
602 1348 625 1387 nt
640 1357 678 1404 suo
689 1345 776 1398 quisque
786 1343 834 1385 loeo

156 1421 217 1462 deum
231 1420 286 1461 colat
299 1419 395 1472 precihus
409 1419 494 1461 nubimn
507 1420 587 1461 suffitus
598 1420 662 1460 instar
670 1417 834 1470 ascendentibus,
883 1412 888 1474 ³3

156 1498 191 1535 aut
208 1497 231 1535 ut
251 1506 276 1534 ex
294 1506 332 1534 suo
351 1492 437 1547 quisque
454 1493 503 1534 loco
523 1493 592 1534 eniens
611 1492 679 1534 veniat
693 1491 836 1544 Hierosolyma
893 1505 895 1513 ³

156 1568 285 1608 adoraturus.
314 1566 382 1607 Priori
397 1566 528 1620 explicationi
542 1580 585 1608 non
595 1570 701 1620 repugnat,
717 1567 773 1620 quod
784 1565 836 1608 Gall-

155 1643 202 1682 aioa
215 1644 274 1695 putat
286 1639 461 1694 praepositionem
476 1651 497 1694 pa
511 1641 596 1683 notione
604 1640 763 1694 praepositionis
777 1651 790 1680 a
805 1640 836 1682 in-

155 1715 286 1768 telligendam
300 1716 352 1766 fore,
368 1715 464 1769 quoniam
478 1728 576 1757 ascensus
590 1729 676 1769 precum
688 1728 714 1755 ex
722 1714 770 1755 loco
780 1714 837 1767 cogi-

155 1789 194 1829 tari
208 1793 287 1841 pctest,
304 1788 396 1843 quamvis
411 1793 482 1842 gentes
497 1793 615 1830 remaneant
629 1790 651 1830 in
662 1788 715 1829 locis
730 1788 782 1837 suis3
798 1787 837 1828 alia

157 1875 241 1916 quoque
255 1867 380 1915 argumenta
390 1863 433 1904 eius
449 1876 475 1903 ex
489 1863 541 1904 locis
555 1862 658 1916 parallelis
673 1862 736 1915 petita
749 1875 793 1903 non
806 1862 837 1903 ri-

157 1936 231 1977 dentur
247 1935 326 1989 valere,
348 1950 410 1991 quum
425 1938 446 1976 in
460 1936 485 1977 iis
500 1936 626 1990 praepositio
641 1944 663 1988 pa
678 1949 704 1977 ex
719 1940 775 1978 certo
790 1949 838 1977 sen-

155 2010 265 2059 tentiarum
278 2024 334 2052 nexu
349 2011 466 2060 delimatam
483 2023 545 2064 quem
552 2009 621 2052 locum
635 2023 685 2064 prae
695 2010 769 2052 ceteris
778 2014 838 2063 urget

156 2087 243 2136 propter
261 2083 342 2138 ellipsin
362 2084 457 2136 eandem,
479 2084 526 2125 Job.
544 2084 639 2135 XXVII,
654 2084 692 2135 23,
711 2085 729 2125 is
743 2084 796 2125 hand
811 2084 838 2124 ita

156 2157 225 2210 magni
243 2162 274 2199 est
291 2159 398 2209 momenti,
419 2172 482 2213 quum
500 2158 601 2199 sibilando
620 2158 665 2212 quis
680 2158 794 2212 depellatur
813 2171 838 2198 ex

156 2231 204 2274 loeo
221 2245 266 2274 sno,
299 2233 404 2286 Httsagrirs
425 2236 445 2273 et
461 2233 551 2273 arctoa·
570 2232 678 2274 conferunt
695 2233 728 2273 Ps.
743 2232 837 2284 LXVIII,

157 2305 195 2354 303
218 2319 290 2347 rerum
304 2305 356 2357 illic,
371 2305 465 2360 quamvis
484 2305 573 2347 dictaret·
588 2305 746 2359 explicationem
759 2305 839 2358 langui·
882 2327 883 2360 j

158 2378 204 2419 dam
219 2375 270 2420 esse
279 2379 386 2432 existimet,
404 2390 425 2431 pa
441 2384 473 2421 est
486 2393 556 2434 praep.
573 2380 660 2422 causalis
674 2383 774 2433 „propter
787 2383 839 2421 tem-
882 2430 883 2437 ἵ

157 2452 215 2505 plum
229 2456 287 2493 tuum
302 2466 364 2506 super
372 2453 522 2507 Hierosolymis
537 2453 621 2495 afferent
635 2453 672 2494 tibi
686 2466 746 2507 reges
757 2453 839 2503 dona;“
880 2441 888 2509 ,s

157 2539 224 2568 nexus
240 2525 294 2567 enim
309 2539 368 2580 quem
383 2528 453 2569 statuit
468 2541 514 2569 cum
528 2541 548 2569 v.
561 2527 694 2568 antecedente
708 2527 767 2569 nimis
781 2528 846 2569 videss
880 2512 883 2557 Ϊ

157 2605 191 2642 tur
205 2599 329 2641 artificiosus
344 2604 405 2655 atque
420 2605 534 2643 contortus.
560 2601 658 2652 Quamuis
672 2601 733 2655 igitur
742 2603 792 2643 haec
806 2615 839 2643 ars

158 2678 253 2726 gumenta
268 2674 294 2715 de
308 2673 458 2729 Hierosolymis
477 2675 608 2729 cogitandum
625 2658 730 2718 essenon
745 2676 839 2728 efficiant,
