1792 3089
167 150 194 190 m
421 143 463 181 cn.
476 145 490 189 r,
502 159 518 181 v.
530 144 599 183 1-15.
646 167 648 170 -

167 252 260 302 utuntur,
280 253 302 291 nt
322 264 392 293 eorum
412 251 458 292 dico
474 252 568 306 exemplo
584 253 671 305 discant,
691 251 740 307 quid
757 251 806 303 sibi,
824 251 846 291 iu

167 338 256 379 quorum
273 326 340 367 medio
360 326 409 368 deus
429 326 499 368 sedem
518 341 576 369 suam
590 326 712 379 collocarit,
735 338 788 381 quos
802 325 846 378 ipse

167 398 207 440 sibi
228 399 299 453 elegit,
324 400 473 455 expectandum
492 401 517 443 sit
536 415 655 455 poenarum.
693 400 767 441 Omnia
786 399 848 452 igitur

167 473 217 515 haec
231 471 326 516 uaticinia
340 479 412 516 contra
426 478 506 516 exteras
521 480 591 529 gentes
610 489 653 518 uon
672 474 740 517 solum
758 472 799 514 diei
812 472 847 513 Je-

167 549 232 589 hovae
246 548 373 589 atrocitatem
387 549 513 601 annuntiant,
528 563 600 591 rerum
615 550 674 591 etiam
689 547 847 601 descriptionem

167 623 188 663 in
203 622 254 676 Cap.
266 623 282 662 I.
300 621 412 663 terribilem
430 623 484 664 haud
501 623 576 675 injuria
593 628 666 665 nostro
685 623 751 676 eapite
766 620 848 662 terribi-

166 696 240 737 liorem
258 708 304 737 esse
327 697 408 737 docent.
443 697 468 738 cs.
483 697 655 751 Herrgrteabergtr'
669 695 792 749 Christolog.
811 694 846 745 lli,

166 784 212 824 pag.
223 770 349 811 rar-aot.
371 771 449 812 Verum
464 771 567 813 enimvero
582 771 688 824 propheta,
705 768 795 823 quamuis
809 781 847 822 pu-

166 844 247 886 niturus
263 849 283 885 et
296 844 420 897 minaturus,
433 848 502 885 tamen
515 845 590 887 iterum
604 845 682 887 Amoso
698 843 779 896 similis,
798 855 847 896 pro-

167 919 265 960 missione
279 931 365 972 prcrsus
381 918 483 959 abstinere
497 931 540 960 non
556 923 633 973 potest,
655 919 798 972 cernimusque
813 929 848 958 so·-

167 992 193 1034 lis
208 993 319 1034 candorem
336 991 407 1045 paucis
421 996 499 1033 tautum
513 992 575 1033 radiis
592 1006 611 1034 r.
623 994 642 1035 7.
651 994 670 1034 9.
680 993 713 1033 tu.
723 993 749 1033 11
765 992 849 1032 densam

167 1066 252 1108 nubium
267 1065 373 1119 caliginem
386 1070 559 1119 perrumpentem.
585 1065 691 1120 Supplicia
704 1065 765 1118 igitur
780 1064 813 1105 dei
827 1064 849 1105 in

168 1144 250 1182 exteros
270 1139 384 1181 exercenda
404 1144 424 1180 et
440 1140 485 1193 ipsa
503 1153 529 1180 ex
542 1140 628 1182 notione
642 1139 765 1181 theocratiae
780 1137 849 1192 regni-

162 1218 208 1271 ‘que
227 1214 291 1256 divini
304 1214 419 1267 profluunt,
440 1214 497 1268 quod
514 1218 571 1256 vates
589 1214 623 1256 alii
640 1214 679 1255 alia
696 1213 776 1255 ratione
795 1211 848 1252 indi-

168 1293 224 1340 cant,
243 1287 302 1330 verbi
320 1300 381 1329 causa
395 1286 443 1328 Joel
458 1287 549 1329 ethnicos
564 1288 680 1342 puniendos
694 1287 716 1328 in
726 1286 783 1329 ualle
797 1290 848 1328 tem-

167 1362 203 1417 plo
221 1362 316 1416 proxima
335 1365 456 1415 congregat,
474 1367 498 1403 ut
513 1362 579 1415 judex
595 1362 673 1416 templo
691 1362 782 1403 insidens
801 1373 849 1402 sen-

168 1437 251 1478 tentiam
269 1437 328 1478 ferat.
366 1437 424 1487 Quae
443 1433 518 1477 eadem
536 1450 582 1478 sors
604 1449 667 1490 quum
688 1448 759 1477 omnes
781 1439 850 1488 tangat

169 1508 359 1562 exteros,²singuli
382 1523 408 1550 ex
426 1509 451 1550 iis
469 1510 610 1562 nominantur,
630 1514 653 1551 ut
672 1513 728 1550 certo
748 1508 848 1563 exemplo,

169 1583 225 1638 quod
246 1583 267 1623 in
290 1595 361 1623 omnes
384 1582 452 1634 cadat,
478 1583 605 1625 confirment
642 1583 745 1637 Zephania
767 1587 849 1625 senten-

167 1656 215 1698 tiam
229 1655 433 1698 hanc'universalem
447 1656 551 1705 iudicans,
571 1670 611 1711 qua
626 1669 697 1698 omnes
712 1656 803 1698 omnium
816 1669 850 1697 re-

169 1730 252 1784 gionum
271 1730 324 1771 eceli
342 1729 433 1784 populos
452 1730 586 1784 arnplectatur
604 1731 633 1782 (v.
646 1732 684 1782 11)
703 1743 766 1771 unum
783 1743 851 1783 popu-

168 1804 211 1845 lum
226 1804 309 1845 Judaeis
323 1804 358 1845 vel
371 1804 457 1845 aramme
471 1805 611 1858 propinquum
624 1803 659 1845 vel
672 1816 722 1857 prae
737 1803 810 1845 ceteris
825 1803 851 1843 ti-

167 1878 264 1920 mendum
282 1891 308 1918 ex
325 1891 366 1919 uua
384 1892 465 1932 quaque
483 1879 569 1931 regione
584 1877 638 1919 coeli
652 1877 718 1931 eligit,
738 1877 795 1931 quod
809 1876 851 1917 ani-

168 1953 313 1994 madvertimus
325 1965 351 1992 ex
361 1952 466 1994 nominato
479 1952 619 2006 septentrIoue
633 1964 653 1992 r.
663 1951 696 2003 13,
712 1964 799 2006 eumque
813 1964 852 2005 pu-

136 2027 138 2029 ’
169 2026 266 2068 niendum
281 2031 342 2081 atque
356 2025 483 2069 Judaeorum
498 2026 559 2068 saluti
568 2025 713 2068 inserviturum
728 2038 774 2067 esse
785 2025 852 2067 docet

171 2098 257 2140 Orditur
271 2099 296 2140 ab
311 2099 343 2152 iis,
358 2101 394 2154 qui
407 2101 458 2154 ipsis
472 2100 571 2153 proximi3
586 2101 648 2142 finem
657 2101 766 2154 imponunt
780 2099 800 2152 11,
816 2100 852 2153 qui

143 2217 144 2220 ,
170 2173 285 2215 tristissima
299 2187 366 2227 nuper
380 2175 471 2216 Judaeos
486 2175 543 2216 clade
558 2175 670 2216 affecerunt
682 2186 792 2227 poenaque
806 2187 853 2227 gra-

169 2248 252 2290 vissima
270 2247 326 2301 digni
343 2248 450 2290 habentur.
479 2263 498 2290 v.
514 2250 584 2289 4-7
602 2247 707 2289 Philistaei
726 2247 854 2289 occidentem

169 2335 254 2374 versus,
271 2336 290 2362 r.
300 2322 376 2363 8-11
392 2322 521 2363 Ammonitas
541 2326 561 2363 et
574 2321 678 2363 Moabitae
693 2320 792 2362 orientem
806 2334 854 2363 rer-

171 2408 218 2448 sus7
236 2409 256 2435 v.
270 2395 297 2435 12
316 2394 428 2450 Aethiopes
447 2396 473 2437 ad
491 2395 608 2448 meridiem,
625 2408 645 2437 v.
660 2395 687 2436 13
697 2395 759 2436 -15
774 2394 854 2448 Assyrii

171 2468 349 2523 septentrionales.

456 2544 569 2585 n4-b

214 2616 296 2659 Initium
316 2616 392 2659 faciunt
409 2617 524 2669 Philistaei,
543 2617 630 2658 maxime
647 2617 727 2672 populo
747 2618 779 2661 dei
793 2618 855 2661 vicini

174 2691 275 2748 simulque
291 2691 370 2744 infesti,
390 2704 446 2733 oram
460 2691 521 2734 maris
535 2691 678 2735 mediterranei
696 2693 809 2735 habitantes
824 2693 855 2735 in-
