1792 3089
175 126 216 174 too
418 123 460 157 cai.
473 123 509 165 ur,
524 133 541 161 v.
554 122 611 159 1-7.

177 228 230 269 diota
247 228 345 270 attonItos
363 232 423 284 atque
438 230 563 283 stupefactos
577 242 621 271 nou
634 240 672 282 per
686 239 708 268 se
724 226 761 268 sed
774 226 852 268 fervido

177 302 258 344 dicendi
272 316 354 357 genere,
369 303 427 345 facile
438 308 579 358 exaggerante,
595 302 700 357 significat,
716 302 853 356 quumHa'tsa'-

174 378 223 430 gaiu
242 378 315 419 eodem
330 379 379 429 jure
397 377 465 418 dicere
479 382 560 434 posset,
580 388 620 419 aas
638 376 673 418 illo
688 376 736 418 loco
751 389 794 418 nou
808 388 854 417 esse

176 451 287 504 perditum,
308 452 345 492 sed
362 452 479 502 attonitum3
501 466 561 507 quam
574 451 713 505 repugnatiis
727 463 793 492 nexus
808 462 855 490 sen-

176 526 290 566 tentiarum.
313 524 390 579 Anguli
400 526 519 579 platearum,
536 525 700 580 quoslltraagtas
711 524 804 578 explicat,
818 522 855 563 mi-

176 610 216 639 nus
231 598 342 640 convenire
355 600 457 652 videntur,
473 614 538 655 quum.
545 600 619 640 mirum
626 602 687 650 esset,
701 598 723 639 iu
730 596 797 638 media
804 595 856 636 urbe

176 684 216 713 uos
230 672 310 725 positos
326 686 378 725 esse,
394 686 446 727 quae
460 687 486 714 ne
495 677 606 714 memorata
614 672 696 727 quidem
711 675 751 724 θεῖς
765 669 856 711 turribus

177 750 251 797 autem,
269 759 319 800 quas
334 747 356 787 in
370 760 476 789 murorum
491 747 570 800 angulis
585 746 700 787 aedificatas
717 758 762 786 esse
777 756 854 797 cogno-

176 819 243 860 vimus
258 820 283 860 cf.
300 834 331 873 cp.
341 821 360 872 l,
377 821 413 872 lo,
428 821 537 861 nominatis
553 821 645 861 ducimur
660 823 706 860 ante
719 819 791 869 urbes,
807 829 856 871 qua-

177 905 223 933 rum
238 893 311 934 deinde
324 893 404 947 plateae
418 895 471 935 bene
486 894 581 935 dicuntur
596 894 699 935 desolatae
714 902 755 934 mv
767 888 814 932 *tm
830 890 855 930 cI.

178 966 221 1007 Jes.
236 967 341 1014 XXXIV,
357 969 390 1008 10.
408 968 450 1007 Jer.
466 969 506 1017 IX,
523 968 556 1007 tt.
576 968 601 1007 cf.
616 970 645 1018 II,
663 970 677 1007 4
699 965 747 1026 quia
764 977 808 1004 uon
826 967 858 1003 est

178 1038 290 1087 transiens‚·
305 1039 337 1078 hic
351 1053 433 1093 quoque
448 1039 505 1080 notio
520 1039 679 1093 praepositionis
690 1048 712 1090 pa
726 1037 812 1079 causalis
827 1040 858 1077 est

178 1112 289 1152 retinenda.
298 1134 324 1143 -
341 1122 361 1155 11
366 1120 396 1152 m.
419 1121 463 1153 nas
479 1116 509 1153 est
519 1113 616 1164 insidiari,
631 1112 702 1153 venari
709 1112 746 1152 Ex.
755 1111 814 1160 XXI,
823 1109 857 1150 13.

178 1185 250 1226 ISam.
260 1184 340 1234 XXIV,
356 1182 393 1235 12,
410 1197 473 1238 quare
487 1185 556 1238 niphal
571 1190 602 1226 est
615 1186 694 1226 insidiis
709 1187 790 1237 captum
805 1195 856 1233 esse,

179 1271 221 1313 quo
236 1256 315 1298 accedit
328 1270 378 1298 usus
390 1257 491 1309 Syrorum
506 1262 526 1299 et
535 1258 684 1301 Chaldaeorum
697 1271 770 1300 vocem
782 1257 807 1297 de
822 1256 858 1297 de·
889 1315 891 1318 Ι

179 1332 280 1374 solatione
295 1331 316 1372 iu
330 1331 449 1373 universum
463 1346 572 1386 usurpans.
595 1333 677 1375 Nexum
690 1333 743 1375 inter
751 1335 858 1385 utramque

179 1406 349 1459 significationem
366 1419 410 1447 non
429 1410 460 1447 est
478 1420 515 1447 cnr
532 1420 640 1460 negemus,
661 1419 724 1461 quare
737 1419 805 1460 neque
819 1410 859 1447 sta-

179 1480 279 1522 tuendum
297 1483 328 1520 est
346 1493 393 1520 omn
409 1478 505 1531 Coallm'o,
523 1493 596 1522 vocem
610 1494 648 1534 pro
663 1490 714 1523 rum
733 1480 788 1533 apud
800 1480 860 1521 Jere-

179 1554 240 1595 miam
253 1566 315 1605 saepe
330 1552 392 1593 obvio
407 1565 465 1594 mero
479 1555 635 1608 orthographiae
642 1554 692 1595 vit-io
703 1554 799 1607 scriptam
807 1567 858 1605 esse,

179 1640 247 1682 neque
266 1639 321 1668 nova
341 1627 452 1681 eademque
469 1627 579 1670 artificiosa
598 1627 733 1682 etymologiae
746 1628 798 1669 ratic
814 1641 860 1669 cnm

179 1703 280 1743 Maura-o
296 1700 418 1754 quaerenda.
447 1701 563 1754 Repetitur,
582 1715 650 1756 neque
666 1702 734 1742 virum
747 1715 815 1756 neque
829 1702 860 1742 iu-

180 1774 247 1816 colam
261 1775 282 1815 iu
296 1773 382 1815 urbibus
398 1786 444 1815 esse
458 1774 562 1826 relictum,
579 1779 603 1816 ut
617 1789 658 1829 quo
672 1774 784 1816 terribilius
799 1787 860 1827 exag-

179 1852 263 1902 geretur
281 1847 373 1900 gentium
390 1847 502 1900 calamitas,
522 1862 547 1889 eo
564 1849 628 1901 magis
647 1852 751 1902 appareat,
769 1848 860 1889 ludaeos
885 1844 887 1847 ’

180 1921 299 1975 oportuisse
313 1921 361 1961 inde
376 1920 513 1973 considerare,
530 1934 590 1976 quam
605 1926 661 1963 certo
674 1921 799 1975 poenaipsis
809 1934 861 1975 quo-

181 2009 221 2049 que
235 1995 357 2035 annunciata
372 1999 427 2035 esset
440 1999 527 2037 ventura
542 2001 562 2037 et
577 2008 637 2050 quam
652 1994 726 2036 stultus
742 1999 797 2035 esset
808 1993 860 2047 legis

180 2069 279 2122 verbique
293 2068 356 2108 divini
368 2072 489 2109 contemtus,
512 2069 688 2121 Deprehendimus
696 2068 757 2121 igitur
769 2067 860 2119 eandem,

181 2141 282 2196 quamad
297 2154 329 2194 cp.
344 2142 373 2192 Il,
389 2144 402 2181 4
418 2142 631 2193 conrmemoravimus,
649 2142 796 2194 prophetarum
811 2153 861 2181 con-

180 2214 318 2266 suetudinem,
339 2228 380 2268 qua
393 2215 484 2256 Judaeos
501 2215 593 2256 territuri
607 2214 697 2268 gentium
711 2217 788 2255 sortem
802 2227 862 2254 mon-

180 2291 251 2339 strant,
267 2301 353 2341 quarmn
368 2287 428 2341 culpa
442 2289 507 2330 multo
521 2290 589 2330 minor
604 2302 665 2343 quam
676 2288 803 2329 Iudaeorum
817 2287 862 2328 loe-

181 2362 230 2402 dere
245 2361 285 2401 deo
301 2361 454 2403 obstrictorum.

223 2448 242 2476 v.
259 2436 278 2475 7.
303 2435 366 2486 Dari,
384 2435 441 2476 modo
459 2436 538 2478 timebis
555 2451 595 2488 rna,
616 2435 710 2477 adraitter
728 2433 862 2487 disciplinam,

180 2522 244 2563 raeque
265 2509 371 2550 arridetur
394 2509 518 2552 domicilium
536 2512 588 2561 etas,
611 2510 748 2562 cantalupum
765 2507 864 2550 maazdaat

180 2588 253 2624 contra
271 2597 326 2632 eam,
344 2588 485 2625 cerumtamen
502 2597 580 2625 ramma
597 2581 664 2623 stadio
679 2587 815 2636 carrinarum
821 2582 862 2636 fa-

180 2658 251 2698 cinora
269 2671 312 2699 raca.
342 2658 399 2698 Deus
419 2657 513 2712 exemplo
533 2670 571 2699 suo
587 2655 706 2711 proposito,
726 2660 749 2698 ut
762 2656 863 2710 populum
