1792 3089
150 131 178 174 18
393 125 436 162 Gar.
447 125 466 168 1,
481 138 497 163 r.
510 123 590 165 u-se.
633 150 635 154 .

83 244 86 248 “
149 230 217 285 ignaui
230 229 337 286 timidique
350 243 421 271 uerum
433 228 493 270 etiam
502 230 608 273 fortissimi
620 231 702 287 quique,
717 230 738 273 in
751 244 831 275 summo

149 318 219 346 rerum
234 303 351 345 discrimine
365 302 463 357 pristinae
478 302 537 345 obliti
550 305 642 357 virtutis,
658 318 711 346 sono
727 306 785 359 quasi
799 320 832 347 re-

148 379 191 420 lato
207 378 375 428 contremiseunt,
395 376 508 429 clariritant,
528 378 611 429 eJ'ulant.
644 380 689 420 Jam
708 379 767 420 adest
781 379 830 431 dies,

147 454 191 506 jam
205 466 277 494 onrnes
292 453 336 493 eius
350 454 441 491 terrores
456 455 561 504 apparent.

192 540 211 568 v.
227 527 260 566 15.
288 527 339 566 Dias
356 525 400 565 irae
417 529 448 564 ast
466 523 508 564 aaa
527 525 571 576 iila,
590 525 632 566 aaa
650 527 795 580 angrastiaram
812 532 833 568 at

149 600 279 656 afflictionis,
294 599 336 639 alias
349 598 468 639 vastationis
481 603 503 637 et
516 597 670 650 devastationis,
685 601 726 642 cia'es
741 600 833 641 tenebra·
877 642 879 645 ,

119 658 121 660 .
150 687 198 714 11111
212 678 233 713 a
247 672 352 725 castigaris,
367 671 408 712 cleas
422 670 508 712 asabiam
522 676 543 712 at
556 671 684 715 patalarum.
714 675 772 716 Statu
788 688 832 715 om-

150 747 207 788 nium
224 745 365 787 intelimssimo
381 757 501 799 summeque
518 745 644 788 lamentabili
658 747 741 789 ludaeis
754 761 833 802 propo-

139 813 191 862 'sito
211 833 237 861 ue
252 820 305 862 torte
320 818 411 873 cogitent
425 831 505 871 secum,
525 819 586 861 deum
601 820 662 861 simul
680 821 799 862 elementiae
814 825 834 862 et

151 893 304 936 misericordiae
323 906 372 934 suae
390 905 501 934 memorem
516 894 571 945 iore,
591 894 667 948 quippe
685 894 741 949 quod
754 895 833 949 impoe-

99 967 102 971 ’
149 969 238 1010 nitentes
253 980 326 1009 secure
340 967 451 1018 somnient,
472 967 548 1007 suroris
562 967 645 1020 iraeque
664 969 718 1008 huuc
734 968 832 1010 1111111111-

151 1046 220 1083 turum
237 1054 283 1083 esse
302 1040 361 1090 dicit,
381 1040 437 1080 omni
455 1038 608 1080 misericordiae
627 1052 685 1093 spem
700 1044 831 1094 evertentem,

150 1114 269 1168 gravissima
284 1125 377 1167 quaeque
392 1112 536 1161 adducentem
553 1125 605 1166 quae
619 1112 706 1154 alterum
719 1115 833 1156 membrum

149 1187 248 1229 terribilia
262 1186 364 1237 nominat,
386 1186 454 1226 onmia
472 1185 514 1226 irae
529 1184 576 1227 voci
590 1185 670 1227 inclusa
684 1191 732 1229 sunt
747 1189 832 1244 eiusque

149 1263 241 1303 furorem
258 1259 325 1314 impiis
343 1258 452 1300 inculcant
476 1259 500 1301 cf.
512 1259 554 1300 ies.
567 1261 606 1310 IX,
623 1259 660 1301 18:
683 1262 765 1312 „Utitur
780 1263 833 1304 eninr

149 1339 206 1377 states
224 1338 280 1376 tanta
294 1332 406 1374 verborum
424 1332 467 1372 iere
486 1332 541 1373 idem
556 1332 714 1386 significantium
729 1337 832 1389 congerie,

149 1412 173 1450 ut
191 1412 211 1449 et
227 1408 259 1448 rei
277 1405 418 1447 certitudinem
433 1406 540 1446 coufirmat
558 1409 619 1460 atque
638 1406 730 1460 inprimis
749 1408 832 1451 iudaeis

150 1481 244 1523 timorem
259 1480 349 1530 incutiat,
365 1482 385 1519 et
399 1491 481 1519 onmem
496 1478 571 1519 adimat
581 1479 739 1532 excusationem,
755 1495 795 1535 qua
802 1482 833 1522 di-

151 1568 198 1596 cere
209 1554 326 1608 potuissent
337 1564 412 1593 senon
424 1552 550 1594 sufficienter
562 1565 608 1594 esse
622 1554 768 1606 praemonitos,
784 1555 833 1597 alias

151 1630 204 1671 seria
219 1626 361 1669 emendatione
375 1629 453 1667 mature
469 1626 529 1667 deum
543 1626 617 1667 iratum
625 1626 707 1680 placare
720 1627 833 1670 statuisses

149 1701 217 1743 Salam.
234 1725 260 1733 -
280 1709 361 1752 uptam
377 1707 422 1740 aas
436 1700 541 1753 angustiae
557 1703 577 1741 et
591 1700 685 1752 afflietio,
705 1714 755 1755 quas
770 1715 833 1744 traces

151 1777 272 1828 conjunctas
288 1774 371 1815 easdem
384 1772 471 1826 legimus
486 1774 538 1815 vatis
553 1774 620 1815 animo
635 1774 721 1816 forsitan
736 1774 834 1817 obversa-

149 1854 180 1891 tas
195 1849 235 1891 iob
249 1849 299 1899 XV,
315 1847 500 1901 24;.11biEliphas
516 1848 627 1901 impiorum
641 1847 775 1889 calamitatem
790 1862 833 1890 ser-

149 1937 211 1965 mone
229 1922 265 1963 illo
285 1921 392 1975 praeclaro
407 1920 503 1974 depingit.
518 1944 545 1949 -
561 1918 645 1981 murmur
661 1917 712 1961 :mm
730 1925 750 1962 et
767 1922 834 1976 ipsum

149 1998 182 2039 bis
196 1997 218 2037 in
232 1995 285 2036 Jobe
299 1995 375 2049 legitur
388 1996 502 2037 XXXVIII
507 2028 512 2046 ,
528 1996 556 2036 27
572 1998 592 2054 et
605 1995 678 2046 XXX,
694 1996 714 2047 3,
729 2009 770 2049 quo
784 1995 833 2038 loco

88 2053 90 2057 ι
150 2070 267 2125 posteriore
286 2068 327 2109 tob
342 2068 449 2109 miserrimi
468 2072 543 2109 statum
561 2068 650 2109 hominis
666 2068 760 2122 explicat.
789 2070 835 2112 No-

150 2145 227 2186 minum
241 2143 330 2183 duorum
344 2141 369 2181 ab
384 2154 426 2182 uno
444 2141 509 2183 verbo
525 2142 664 2184 derivatorum
678 2143 787 2195 geminatio
802 2144 834 2184 in-

149 2218 215 2260 tendit
232 2215 333 2257 sermonis
352 2215 457 2269 emphasin
476 2216 546 2270 reique
565 2214 692 2256 atrocitatem
709 2215 782 2256 fortius
798 2230 833 2257 ex-

150 2291 236 2346 primit,
256 2291 282 2331 of.
297 2289 394 2344 Natu,
408 2288 434 2329 11
455 2298 533 2340 aptarat
552 2298 605 2340 upra
623 2289 660 2329 ΕΖ.
672 2291 702 2338 II,
722 2289 749 2327 14
768 2289 837 2330 nomm

152 2361 234 2409 namna.
249 2364 273 2404 cf.
285 2364 327 2405 Jes.
335 2365 363 2414 X,
377 2363 397 2404 3.
412 2363 496 2415 XLVII,
512 2363 546 2404 11.
555 2387 581 2395 -
593 2360 705 2416 Sequentia
717 2361 776 2403 allata
786 2367 834 2405 sunt

151 2451 177 2479 ex
191 2437 239 2478 Joel
254 2438 282 2487 Il,
297 2438 310 2476 2
326 2434 373 2487 qua
388 2440 409 2477 et
423 2432 478 2478 nias
493 2448 613 2490 synonyma,
629 2447 717 2489 quorum
728 2436 786 2488 prius
798 2450 834 2491 ge-

150 2511 250 2562 neralius,
271 2510 374 2564 posterius
392 2510 503 2563 praecipue
521 2522 611 2550 crassam
626 2508 750 2563 densamque
765 2510 834 2565 caligi-

151 2600 199 2628 nem
217 2585 303 2626 uubiunr
322 2584 428 2637 siguificat.
460 2585 505 2625 Lux
522 2583 544 2623 in
562 2583 663 2636 scriptura
682 2596 740 2624 saara
758 2569 835 2625 indicat

152 2660 238 2702 salutem
252 2662 313 2713 atque
327 2657 479 2709 beatitudinem,
494 2656 591 2698 tenebrae
607 2657 710 2710 augustias
724 2662 786 2712 atque
800 2672 834 2699 ca-
