1792 3089
331 159 374 194 Gur.
387 158 405 201 Ι,
416 172 431 194 v.
444 158 472 197 18,
517 207 520 211 ¹
711 162 739 204 33

57 268 111 309 idem
126 266 188 319 Zeph.
203 263 287 305 Judaeis
305 263 355 317 ipsis
374 278 412 318 per
427 264 551 314 Chaldaeos,
571 262 661 304 Jehovae
678 263 739 304 mini-

57 346 122 394 stros,
142 342 233 382 futurum
249 349 295 378 esse
309 337 403 380 minatur.
433 338 510 390 Causa,
530 350 568 377 cur
581 350 624 377 non
638 337 665 378 sit
678 336 738 378 locus

14 468 16 470 q
56 414 179 456 redemtioni
193 415 213 452 et
227 414 334 463 argeutum
348 411 420 452 inutile
434 412 532 452 habeatur
546 410 568 450 iu
583 423 608 451 eo
619 410 687 463 posita
701 414 738 462 est,

23 490 25 492 ’
58 488 114 543 quod
129 488 179 527 deus
194 486 245 525 iram
259 498 317 526 suam
328 485 423 537 effundet,
437 483 603 527 reconciliandus
613 483 631 524 si
640 482 681 536 ipsi
687 482 738 544 resi-

57 562 140 616 pueriut
154 563 175 600 et
187 558 287 599 humiliati
300 559 376 600 fuerint
391 572 460 600 coram
471 559 525 612 ipso.
550 559 624 598 Totam
631 558 684 598 hanc
692 570 740 598 ver-

58 649 93 677 sus
107 638 187 687 partem
200 632 284 673 Iudaeis
304 633 330 673 ad
344 632 431 674 verbum
445 632 535 673 inculcat
548 632 623 673 Ezech.
638 633 688 684 Vll,
705 633 738 673 te.

58 708 121 759 Quod
138 706 220 759 saepius
238 705 381 758 indicavimus,
404 711 472 747 itatem
489 707 563 747 foedus
581 706 673 747 lehovae
692 718 739 746 cum

58 780 155 834 Israelitis
174 780 237 820 ictum
258 781 342 834 eiusque
360 780 381 820 in
399 780 537 821 Pentateucho
556 782 689 820 monumenta
705 790 740 819 re-

58 854 148 908 spicere,
172 854 216 906 ipse
236 853 327 906 adjungit
348 854 409 894 minis
428 854 491 894 finem
508 853 653 906 impositurus,
678 864 741 905 quum

57 928 126 981 ignem
141 926 180 967 zeli
194 927 285 967 Jehovae
299 932 405 968 memoret.
434 928 513 969 Jehova
531 927 585 967 euim
599 940 647 967 cum
661 924 740 978 populo

58 1014 106 1053 sno,
125 1014 175 1042 vero
195 1001 316 1054 integroque
332 1001 405 1042 ductus
424 1014 504 1052 aurore,
524 1000 677 1041 matrimonium
690 998 741 1050 iniit,

58 1074 153 1129 deditque
169 1074 187 1115 ei
203 1088 249 1114 cum
260 1077 308 1126 J'ure
323 1074 452 1126 matrimonii,
468 1087 539 1115 amore
554 1074 633 1115 scilicet
644 1071 740 1123 ettutela,

58 1148 149 1189 eiusdem
168 1148 269 1199 officium,
290 1160 381 1189 amorem
400 1153 420 1188 et
438 1148 569 1202 obsequium3
590 1160 654 1201 quare
669 1144 740 1187 similis

57 1221 140 1272 marito,
156 1225 263 1273 peccatum
277 1221 385 1262 ulciscenti
399 1222 482 1272 uxoris,
498 1222 559 1275 quam
573 1222 646 1261 sinon
657 1223 740 1270 arraret,

57 1294 140 1347 impune
162 1294 272 1335 adulterari
290 1299 405 1347 pateretur,
427 1295 477 1336 deus
500 1299 541 1348 quo
565 1294 658 1335 dulciore
680 1297 741 1348 atque

10 1378 12 1381 ·
57 1365 175 1418 blandiore,
203 1379 228 1407 eo
249 1369 312 1420 inagis
334 1368 424 1409 sollicito
446 1372 507 1421 atque
534 1367 632 1421 zelotypo
653 1367 741 1419 flagrans

58 1451 145 1489 eruore,
160 1444 180 1479 et
194 1444 260 1480 totum
275 1454 312 1481 cor
327 1441 368 1481 sibi
378 1440 486 1493 postulans
502 1440 551 1493 soli,
570 1440 694 1481 adulterium
708 1439 743 1480 vel

58 1512 164 1553 minimum
175 1512 287 1553 omniscius
300 1514 413 1566 cognoscit,
429 1514 516 1566 damnat,
531 1514 597 1567 punit.
612 1514 650 1554 En.
657 1514 706 1565 XX,
722 1514 742 1564 5,

58 1586 119 1627 Dent.
128 1586 153 1637 V,
163 1586 176 1625 9
187 1587 298 1639 proposuit
306 1585 486 1629 Jehovaloederis
494 1588 638 1637 condiciones3
652 1591 673 1628 at
680 1589 742 1628 Deut.

59 1659 152 1710 XXXII,
172 1660 206 1702 2l.
222 1661 249 1700 22
268 1661 339 1702 Moses
354 1665 421 1702 toturn
439 1663 498 1715 regui
517 1661 581 1704 divini
598 1675 682 1703 cursum
699 1675 741 1702 am-

59 1731 151 1784 plectens
166 1733 217 1774 vidit
231 1734 291 1775 etiam
305 1736 344 1776 hoc
357 1735 431 1776 foedus
443 1736 537 1789 ruptum:
552 1736 606 1789 „ipsi
618 1734 742 1789 zelotypiam

59 1819 125 1847 meam
143 1808 272 1849 concitarunt
286 1822 324 1862 per
341 1823 384 1850 non
400 1810 460 1850 deum
478 1815 498 1851 et
513 1824 551 1863 ego
567 1809 691 1863 zelotypiam
706 1822 742 1849 eo-

59 1892 106 1920 rum
120 1881 228 1923 concitabo
243 1896 281 1936 per
294 1896 338 1924 non
352 1884 459 1937 populum,
475 1896 522 1923 nam
537 1883 589 1935 ignis
600 1895 700 1924 accensus
711 1887 742 1923 est

59 1952 89 1992 ira
108 1967 161 2006 mea,
183 1961 202 1996 et
221 1961 328 1998 consumet
347 1959 443 1998 terram.“
475 1957 546 2010 Ignem
563 1958 656 1998 nominat
674 1956 743 1998 zelum

58 2026 149 2068 Jehovae
164 2029 224 2070 Dent.
239 2031 279 2081 IV,
290 2031 332 2081 ¹24,
348 2031 403 2084 quod
419 2029 592 2085 quemadmodum
606 2030 659 2084 iguis
675 2030 744 2071 omnia

60 2113 112 2153 quae
128 2101 218 2154 corripit,
233 2102 294 2155 ligna,
310 2103 402 2157 arbores,
418 2105 488 2157 silvas,
503 2105 588 2157 domos,
603 2105 693 2158 integras
707 2118 744 2145 ur-

59 2173 96 2215 bes
111 2176 219 2227 consumit,
235 2177 290 2217 etin
306 2178 385 2219 cineres
400 2179 480 2231 redigit,
497 2179 532 2228 vix
545 2183 569 2220 ut
582 2178 692 2232 vestigitmr
707 2192 744 2219 eo-

60 2260 106 2289 rum
124 2253 205 2290 maneat
222 2249 333 2303 reliquum,
353 2252 381 2292 ita
395 2252 486 2293 Jehovae
502 2252 560 2294 zelus
575 2266 658 2293 omnem
671 2252 745 2306 populi

59 2321 148 2363 infidelis
165 2327 242 2364 terram
260 2329 368 2365 consumet
388 2329 407 2366 et
421 2326 513 2367 vastabit.
545 2326 607 2377 Quod
622 2326 695 2367 foedus
711 2325 744 2366 dei

60 2398 120 2448 atque
128 2397 280 2439 matrimonium
289 2412 336 2439 cum
346 2398 425 2452 populo
434 2412 472 2440 suo
482 2413 508 2440 ex
516 2400 656 2440 Pentateucho
666 2413 704 2453 per
711 2403 744 2440 to-

39 2516 44 2526 .
60 2472 101 2509 tam
114 2470 237 2523 scripturam
250 2484 328 2513 sacram
342 2472 495 2515 fundamentum
507 2477 548 2514 tam
556 2472 673 2527 poenarum
684 2486 744 2528 quam

59 2541 132 2584 salutis
147 2544 224 2598 haberi,
239 2550 325 2588 testatur
340 2546 386 2587 finis
401 2547 446 2601 ipse
460 2547 627 2602 Apocalypseos3
644 2552 664 2588 et
676 2547 744 2601 iguem

61 2615 101 2656 zeli
115 2616 209 2660 infideles
224 2623 285 2674 atque
299 2620 374 2674 impios
385 2621 538 2675 devoraturum,
553 2623 687 2665 iuaeternum
697 2636 743 2663 cru-

61 2691 171 2743 ciatorum,
192 2693 318 2736 demonstrat
332 2695 426 2739 interitus
441 2696 476 2738 ille
491 2699 509 2738 ll
520 2698 575 2738 Petr.
590 2686 629 2751 111,
645 2698 682 2749 to,
701 2710 743 2751 quo

594 2763 606 2804 3
