1792 3089
343 146 385 181 Geir.
397 145 434 188 111,
450 159 466 180 u
479 143 495 182 7.
718 148 759 191 101

78 255 176 297 rebellem
190 253 304 304 reduceret
319 251 359 292 iam
373 250 509 305 exspectabat,
525 251 576 302 fore,
591 253 614 291 ut
627 249 718 304 populus
733 251 760 291 ad

14 318 29 362 ’Ῐ
79 331 146 384 ipsum
158 329 240 378 rediret,
255 338 347 379 veroque
358 325 432 366 timore
444 325 512 378 ipsum
522 324 606 376 coleret,
622 338 685 378 quare
694 336 760 367 11111111

79 405 133 445 haud
151 403 210 443 aliter
228 403 289 454 atque
303 399 324 441 in
339 399 418 440 Jesaiae
432 399 501 440 verbis
516 399 546 450 V,
562 400 576 438 4
594 399 658 452 „quid
672 399 759 452 amplius

80 478 147 518 facere
162 474 265 516 debuerim
280 474 352 515 vineae
367 486 430 524 meae
446 474 503 527 quod
513 485 556 513 nou
565 472 707 526 praestiterim,
723 486 759 514 ex-

80 549 170 603 spectavi
188 552 211 589 ut
228 548 331 601 proferret
349 548 437 588 fructum
456 550 477 587 et
489 545 576 601 protulit
589 546 716 588 labruscas.“
731 570 758 577 —

80 634 107 673 un
127 623 220 666 triberos
238 621 291 662 bene
310 621 399 661 ostendit
417 634 499 674 semper
516 632 562 661 esse
579 620 652 672 modo,
670 623 759 662 tantum-

80 697 149 746 modo,
165 708 206 747 quo
221 707 292 735 omnes
307 693 354 734 illae
369 697 417 735 octo
432 694 598 747 significationes,
614 707 664 748 quas
674 694 773 739 holdam,

79 768 93 808 l.
106 781 123 809 c.
141 766 207 818 affert,
228 770 276 807 sunt
293 766 419 807 referendae.
448 767 479 806 Ita
492 768 525 807 hie
540 767 591 807 deus
606 768 690 820 cogitat,
709 766 760 807 nihil

80 840 165 894 amplius
176 839 264 893 relinqui
272 838 312 879 nisi
319 838 392 892 populi
400 839 493 880 reditum.
509 841 534 880 cf.
544 840 595 880 Gen.
603 840 679 890 XLIV,
689 840 723 880 28.
731 862 760 868 —-

80 924 129 954 annu
148 913 211 954 futuri
227 912 293 953 forma
310 924 353 952 nou
368 916 399 952 est
414 926 439 953 ex
453 913 544 966 Hitac'gr'c'
557 912 657 954 sententia
671 912 760 952 mandati

80 986 186 1039 mitigatio,
206 999 268 1039 quum
287 985 320 1026 vel
337 986 359 1026 in
373 986 419 1038 lege
434 986 480 1026 data
497 985 586 1026 adhibita
601 985 636 1036 sit,
656 985 694 1026 sed
707 985 761 1026 iudi-

81 1060 134 1100 cium
148 1063 216 1100 certae
231 1059 388 1112 expectationis3
404 1060 454 1100 deus
470 1059 524 1099 enirn
539 1059 597 1112 quasi
610 1059 697 1099 hominis
711 1072 759 1111 per-

80 1143 152 1173 sonam
165 1132 237 1183 induit,
253 1132 310 1173 euius
325 1144 379 1185 spes,
394 1131 515 1173 firmissimis
526 1132 650 1185 argumentis
661 1131 712 1181 nisa,
727 1131 759 1172 ni-

80 1204 122 1245 hilo
137 1204 204 1245 secius
217 1205 300 1247 fallitur.
323 1206 394 1245 Timor
409 1205 447 1256 dei,
463 1206 498 1258 qui
513 1209 544 1246 est
557 1205 591 1246 vel
605 1204 642 1245 filii
656 1203 690 1245 vel
704 1191 759 1245 servi

80 1278 150 1330 timor,
170 1278 247 1329 omnia,
266 1291 318 1333 quae
332 1278 435 1319 hominem
452 1278 511 1319 decet
526 1278 565 1318 deo
585 1277 690 1328 exhibere,
709 1290 760 1318 oon-

81 1352 137 1393 tinet.
153 1376 180 1384 -
200 1362 252 1396 unns
262 1361 313 1403 *ripn
327 1353 351 1393 cf.
366 1366 386 1393 v.
396 1352 415 1392 2.
442 1353 490 1392 Duo
505 1353 555 1392 haee
569 1351 660 1393 membra
673 1364 761 1405 respon-

82 1427 130 1467 dent
145 1425 225 1467 duobus
238 1425 369 1467 hemistichiis
383 1437 456 1466 versus
472 1424 566 1474 secundi;
583 1425 699 1466 obedientia
708 1425 762 1466 eninr

83 1503 103 1540 et
118 1500 215 1540 assumtio
231 1498 349 1552 disciplinae
367 1499 504 1540 manifestavit
516 1499 612 1540 fiduciam
626 1499 648 1540 in
661 1500 707 1539 Deo
722 1511 761 1552 po-

82 1574 139 1614 sitam
153 1573 270 1625 aditumque
282 1573 309 1612 ad
317 1573 394 1624 ipsuum
409 1572 504 1612 fiduciam
518 1576 586 1613 autern
601 1576 621 1612 et
635 1572 762 1613 aditumam-

80 1646 176 1699 plectitur
189 1646 251 1685 timor
265 1645 304 1695 dei,
319 1645 372 1685 sicut
385 1657 428 1685 non
438 1644 532 1685 obsecuti
541 1645 681 1686 demonstrant
694 1658 762 1687 novae

83 1718 211 1759 obedientiae
230 1718 338 1759 consilium
353 1717 460 1771 disciplina
474 1721 569 1759 assumta.
598 1718 712 1771 Disciplina
727 1731 762 1759 su-

82 1805 119 1845 pra
132 1792 154 1831 iu
167 1791 287 1832 universum
300 1791 403 1831 nominata
415 1791 586 1843 jam'secundum
599 1793 640 1832 v.5
654 1793 698 1832 616
713 1792 762 1833 satis

83 1870 114 1906 est
128 1865 254 1905 definita-
269 1864 337 1905 liliuus
347 1868 441 1905 accurate
451 1865 567 1906 [1111161111-
582 1865 667 1917 „Timor
682 1865 715 1905 dei
729 1878 763 1906 se-

84 1952 130 1979 cum
143 1938 201 1979 affert
210 1938 281 1990 fidem,
295 1938 428 1979 humilitatem
443 1939 521 1990 cordis,
536 1942 560 1980 ut
573 1951 705 1981 revereamur
719 1951 762 1980 ma-

83 2013 175 2053 iestatem
185 2011 267 2052 domini.
289 2011 404 2065 Disciplina
419 2015 515 2053 externos
529 2025 598 2053 mores
614 2012 762 2066 complectitur,

83 2089 106 2125 ut
122 2085 215 2125 modeste
233 2084 334 2136 vivamus⁷
354 2085 488 2126 inserviamus
507 2085 559 2127 alius
579 2086 623 2126 aliis
638 2099 676 2139 per
691 2086 764 2127 cerita-

83 2162 130 2200 tem.
152 2159 207 2198 Haeo
217 2171 295 2199 summa
305 2162 337 2199 est
346 2162 366 2199 et
375 2171 451 2211 scopus
462 2159 552 2199 omnium
562 2160 730 2212 prophetarum.⁴‘
737 2184 764 2192 --

83 2232 221 2272 Pulcherrime
235 2231 257 2270 111
270 2231 339 2273 verbis
350 2232 483 2285 sequentibus
492 2244 583 2284 persona
592 2235 682 2273 mutatur
687 2235 764 2282 11111111,

84 2316 127 2345 nou
146 2304 213 2345 solum
233 2317 259 2344 ex
278 2305 339 2346 solito
357 2308 426 2347 vatum
444 2318 502 2345 more
518 2317 543 2345 ex
560 2304 645 2348 coellec·
658 2305 764 2356 sententia,

85 2378 121 2417 sed
136 2378 231 2431 quoniam
246 2378 297 2419 deus
313 2367 417 2420 decretum
430 2379 516 2432 profert,
532 2380 588 2434 quod
597 2379 677 2433 populo
692 2379 766 2432 resipi-

86 2451 151 2491 scenti
165 2452 291 2494 constit-uere
305 2465 384 2494 summo
394 2453 495 2494 desiderio
504 2454 578 2495 studet.
595 2455 619 2495 cf.
628 2454 654 2495 ad
661 2454 686 2505 ΙΙ,
697 2454 730 2497 la.
739 2477 766 2486 -

86 2531 132 2573 trun
147 2525 270 2579 interpretes
284 2528 389 2580 permulti,
407 2527 471 2569 veluti
484 2528 600 2581 Hftac'gius,
615 2527 714 2579 Maura,
731 2541 767 2569 ex-

86 2594 162 2647 plicant
181 2599 206 2638 de
225 2600 328 2641 domicilio
347 2601 414 2652 urbis,
434 2601 490 2655 quod
504 2601 552 2642 urbi
565 2603 605 2643 huc
619 2615 686 2656 usque
700 2603 767 2644 nomi-

87 2672 145 2709 natae
161 2669 185 2709 de
199 2671 273 2715 ineolis
288 2677 366 2717 tantum
379 2675 524 2728 intelligendae
540 2660 662 2729 opponatur.
690 2677 767 2727 Quam-
791 2662 793 2700 ἶ
